[{"id":2757,"title":"El ladrón de orquídeas","rating":7.345,"release_date":"2002-12-06T00:00:00.000","runtime":115,"genres":"Comedia, Crimen, Drama","votes":2678,"budget":19000000,"revenue":32800000,"language":"en","directors":"{'id': 5953, 'name': 'Spike Jonze'}","writers":"{'id': 202, 'name': 'Charlie Kaufman', 'job': 'Screenplay'}","lan-detected":null,"title-translated":"El ladrón de orquídeas"},{"id":1137179,"title":"Yadang: The Snitch","rating":7.0,"release_date":"2025-04-16T00:00:00.000","runtime":122,"genres":"Crimen, Acción, Comedia, Drama, Suspense","votes":31,"budget":9500000,"revenue":24508523,"language":"ko","directors":"{'id': 1294772, 'name': 'Hwang Byeong-gug'}","writers":"{'id': 5399719, 'name': 'Kim Hyo-seok', 'job': 'Writer'}","lan-detected":null,"title-translated":"Yadang: The Snitch"},{"id":1368166,"title":"La Empleada","rating":7.3,"release_date":"2025-12-18T00:00:00.000","runtime":131,"genres":"Misterio, Suspense","votes":219,"budget":35000000,"revenue":133024000,"language":"en","directors":"{'id': 116805, 'name': 'Paul Feig'}","writers":"{'id': 82665, 'name': 'Rebecca Sonnenshine', 'job': 'Screenplay'}","lan-detected":null,"title-translated":"La Empleada"},{"id":425274,"title":"Los ilusionistas 3: Ahora me ves, ahora no","rating":6.584,"release_date":"2025-11-12T00:00:00.000","runtime":112,"genres":"Suspense, Crimen, Misterio","votes":810,"budget":90000000,"revenue":218339508,"language":"en","directors":"{'id': 91268, 'name': 'Ruben Fleischer'}","writers":"{'id': 1279644, 'name': 'Eric Warren Singer', 'job': 'Story'}, {'id': 1273117, 'name': 'Michael Lesslie', 'job': 'Screenplay'}, {'id': 91269, 'name': 'Paul Wernick', 'job': 'Screenplay'}, {'id': 7932, 'name': 'Rhett Reese', 'job': 'Screenplay'}, {'id': 565491, 'name': 'Seth Grahame-Smith', 'job': 'Screenplay'}, {'id': 1273117, 'name': 'Michael Lesslie', 'job': 'Story'}","lan-detected":null,"title-translated":"Los ilusionistas 3: Ahora me ves, ahora no"},{"id":1228246,"title":"Five Nights at Freddy's 2","rating":6.8,"release_date":"2025-12-03T00:00:00.000","runtime":104,"genres":"Terror, Suspense","votes":518,"budget":36000000,"revenue":231452000,"language":"en","directors":"{'id': 2103746, 'name': 'Emma Tammi'}","writers":"{'id': 2125615, 'name': 'Scott Cawthon', 'job': 'Writer'}, {'id': 2125615, 'name': 'Scott Cawthon', 'job': 'Story'}","lan-detected":null,"title-translated":"Five Nights at Freddy's 2"},{"id":1311031,"title":"Demon Slayer: Kimetsu no Yaiba Castillo infinito","rating":7.637,"release_date":"2025-07-18T00:00:00.000","runtime":155,"genres":"Animación, Acción, Fantasía","votes":641,"budget":20000000,"revenue":718473620,"language":"ja","directors":"{'id': 1283010, 'name': 'Haruo Sotozaki'}","writers":"{'id': 931823, 'name': 'Hikaru Kondô', 'job': 'Screenplay'}, {'id': 2282830, 'name': 'Koyoharu Gotouge', 'job': 'Screenplay'}","lan-detected":null,"title-translated":"Demon Slayer: Kimetsu no Yaiba Castillo infinito"},{"id":1511417,"title":"Baahubali: The Epic","rating":6.15,"release_date":"2025-10-29T00:00:00.000","runtime":230,"genres":"Acción, Drama","votes":20,"budget":65000000,"revenue":3500000,"language":"te","directors":"{'id': 147021, 'name': 'S. S. Rajamouli'}","writers":"{'id': 147021, 'name': 'S. S. Rajamouli', 'job': 'Writer'}, {'id': 581908, 'name': 'Madhan Karky', 'job': 'Writer'}, {'id': 146144, 'name': 'Deva Katta', 'job': 'Writer'}, {'id': 147022, 'name': 'Vijayendra Prasad', 'job': 'Story'}, {'id': 1488792, 'name': 'Rahul Koda', 'job': 'Story'}","lan-detected":null,"title-translated":"Baahubali: The Epic"},{"id":1246049,"title":"Drácula","rating":7.138,"release_date":"2025-07-30T00:00:00.000","runtime":129,"genres":"Terror, Fantasía, Romance","votes":707,"budget":52000000,"revenue":28540896,"language":"fr","directors":"{'id': 59, 'name': 'Luc Besson'}","writers":"{'id': 59, 'name': 'Luc Besson', 'job': 'Screenplay'}","lan-detected":null,"title-translated":"Drácula"},{"id":1083637,"title":"ಕಾಂತಾರ: ಅಧ್ಯಾಯ - ೧","rating":7.017,"release_date":"2025-10-01T00:00:00.000","runtime":165,"genres":"Acción, Drama, Fantasía","votes":58,"budget":14000000,"revenue":91000000,"language":"kn","directors":"{'id': 1752058, 'name': 'Rishab Shetty'}","writers":"{'id': 1752058, 'name': 'Rishab Shetty', 'job': 'Writer'}, {'id': 1189437, 'name': 'Anirudh Mahesh', 'job': 'Writer'}, {'id': 5577082, 'name': 'Shanil Gowtham', 'job': 'Writer'}","lan-detected":null,"title-translated":"ಕಾಂತಾರ: ಅಧ್ಯಾಯ - ೧"},{"id":980477,"title":"Ne Zha 2: El Renacer del Alma","rating":8.104,"release_date":"2025-01-29T00:00:00.000","runtime":143,"genres":"Animación, Fantasía, Aventura, Acción","votes":539,"budget":80000000,"revenue":2215690000,"language":"zh","directors":"{'id': 2367353, 'name': 'Jiao Zi'}","writers":"{'id': 2367353, 'name': 'Jiao Zi', 'job': 'Writer'}, {'id': 2367353, 'name': 'Jiao Zi', 'job': 'Story'}","lan-detected":null,"title-translated":"Ne Zha 2: El Renacer del Alma"},{"id":269149,"title":"Zootopia","rating":7.758,"release_date":"2016-02-11T00:00:00.000","runtime":109,"genres":"Animación, Aventura, Familia, Comedia","votes":17445,"budget":150000000,"revenue":1025521689,"language":"en","directors":"{'id': 76595, 'name': 'Byron Howard'}, {'id': 165787, 'name': 'Rich Moore'}","writers":"{'id': 1318201, 'name': 'Jared Bush', 'job': 'Screenplay'}, {'id': 1447307, 'name': 'Josie Trinidad', 'job': 'Story'}, {'id': 567562, 'name': 'Phil Johnston', 'job': 'Story'}, {'id': 1318201, 'name': 'Jared Bush', 'job': 'Story'}, {'id': 165787, 'name': 'Rich Moore', 'job': 'Story'}, {'id': 76595, 'name': 'Byron Howard', 'job': 'Story'}, {'id': 567562, 'name': 'Phil Johnston', 'job': 'Screenplay'}, {'id': 15020, 'name': 'Jim Reardon', 'job': 'Story'}, {'id': 1120694, 'name': 'Jennifer Lee', 'job': 'Story'}","lan-detected":null,"title-translated":"Zootopia"},{"id":639988,"title":"La única opción","rating":7.72,"release_date":"2025-09-24T00:00:00.000","runtime":140,"genres":"Crimen, Suspense, Comedia","votes":252,"budget":12200000,"revenue":20072255,"language":"ko","directors":"{'id': 10099, 'name': 'Park Chan-wook'}","writers":"{'id': 10099, 'name': 'Park Chan-wook', 'job': 'Writer'}, {'id': 1062389, 'name': 'Lee Kyoung-mi', 'job': 'Writer'}, {'id': 2161242, 'name': 'Lee Ja-hye', 'job': 'Writer'}, {'id': 20173, 'name': 'Don McKellar', 'job': 'Writer'}","lan-detected":null,"title-translated":"La única opción"},{"id":1218925,"title":"Chainsaw Man la película -Arco de Reze","rating":8.29,"release_date":"2025-09-19T00:00:00.000","runtime":100,"genres":"Animación, Acción, Romance, Fantasía","votes":565,"budget":4100000,"revenue":158289386,"language":"ja","directors":"{'id': 1286723, 'name': 'Tatsuya Yoshihara'}","writers":"{'id': 1491863, 'name': 'Hiroshi Seko', 'job': 'Screenplay'}","lan-detected":null,"title-translated":"Chainsaw Man la película -Arco de Reze"},{"id":575265,"title":"Misión: Imposible - La sentencia final","rating":7.202,"release_date":"2025-05-17T00:00:00.000","runtime":170,"genres":"Acción, Suspense, Aventura","votes":2370,"budget":400000000,"revenue":598767057,"language":"en","directors":"{'id': 9033, 'name': 'Christopher McQuarrie'}","writers":"{'id': 9033, 'name': 'Christopher McQuarrie', 'job': 'Writer'}, {'id': 33312, 'name': 'Erik Jendresen', 'job': 'Writer'}","lan-detected":null,"title-translated":"Misión: Imposible - La sentencia final"},{"id":1023922,"title":"MaXXXine","rating":6.315,"release_date":"2024-07-04T00:00:00.000","runtime":103,"genres":"Terror, Suspense","votes":1336,"budget":10000000,"revenue":22057161,"language":"en","directors":"{'id': 101542, 'name': 'Ti West'}","writers":"{'id': 101542, 'name': 'Ti West', 'job': 'Writer'}","lan-detected":null,"title-translated":"MaXXXine"},{"id":1317288,"title":"Marty Supremo","rating":8.0,"release_date":"2025-12-19T00:00:00.000","runtime":150,"genres":"Drama, Comedia, Crimen","votes":77,"budget":65000000,"revenue":57873639,"language":"en","directors":"{'id': 129561, 'name': 'Josh Safdie'}","writers":"{'id': 227565, 'name': 'Ronald Bronstein', 'job': 'Writer'}, {'id': 129561, 'name': 'Josh Safdie', 'job': 'Writer'}","lan-detected":null,"title-translated":"Marty Supremo"},{"id":106,"title":"Depredador","rating":7.543,"release_date":"1987-06-12T00:00:00.000","runtime":107,"genres":"Ciencia ficción, Acción, Aventura, Suspense","votes":8744,"budget":15000000,"revenue":98267558,"language":"en","directors":"{'id': 1090, 'name': 'John McTiernan'}","writers":"{'id': 1092, 'name': 'Jim Thomas', 'job': 'Writer'}, {'id': 1094, 'name': 'John Thomas', 'job': 'Writer'}","lan-detected":null,"title-translated":"Depredador"},{"id":8316,"title":"La condesa","rating":5.9,"release_date":"2009-03-13T00:00:00.000","runtime":96,"genres":"Drama, Historia, Suspense, Misterio, Terror","votes":177,"budget":8500000,"revenue":784522,"language":"en","directors":"{'id': 1146, 'name': 'Julie Delpy'}","writers":"{'id': 1146, 'name': 'Julie Delpy', 'job': 'Screenplay'}","lan-detected":null,"title-translated":"La condesa"},{"id":1197137,"title":"Teléfono negro 2","rating":6.807,"release_date":"2025-10-15T00:00:00.000","runtime":114,"genres":"Terror, Suspense","votes":789,"budget":30000000,"revenue":132202742,"language":"en","directors":"{'id': 55499, 'name': 'Scott Derrickson'}","writers":"{'id': 55499, 'name': 'Scott Derrickson', 'job': 'Writer'}, {'id': 928106, 'name': 'C. Robert Cargill', 'job': 'Writer'}","lan-detected":null,"title-translated":"Teléfono negro 2"},{"id":284536,"title":"El apostador","rating":6.025,"release_date":"2014-12-25T00:00:00.000","runtime":110,"genres":"Suspense, Crimen, Drama","votes":1510,"budget":25000000,"revenue":39171130,"language":"en","directors":"{'id': 77357, 'name': 'Rupert Wyatt'}","writers":"{'id': 34510, 'name': 'William Monahan', 'job': 'Screenplay'}","lan-detected":null,"title-translated":"El apostador"},{"id":1309012,"title":"Altered","rating":6.127,"release_date":"2025-09-18T00:00:00.000","runtime":85,"genres":"Ciencia ficción, Acción","votes":75,"budget":15000000,"revenue":346774,"language":"en","directors":"{'id': 66212, 'name': 'Timo Vuorensola'}","writers":"{'id': 66212, 'name': 'Timo Vuorensola', 'job': 'Writer'}","lan-detected":null,"title-translated":"Altered"},{"id":1422096,"title":"Buen Chico","rating":6.715,"release_date":"2025-10-01T00:00:00.000","runtime":72,"genres":"Terror","votes":438,"budget":70000,"revenue":8781040,"language":"en","directors":"{'id': 2831618, 'name': 'Ben Leonberg'}","writers":"{'id': 1968703, 'name': 'Alex Cannon', 'job': 'Writer'}, {'id': 2831618, 'name': 'Ben Leonberg', 'job': 'Writer'}","lan-detected":null,"title-translated":"Buen Chico"},{"id":1038392,"title":"El Conjuro 4: Últimos ritos","rating":6.932,"release_date":"2025-09-03T00:00:00.000","runtime":136,"genres":"Terror","votes":1542,"budget":55000000,"revenue":494653512,"language":"en","directors":"{'id': 1607672, 'name': 'Michael Chaves'}","writers":"{'id': 142686, 'name': 'David Leslie Johnson-McGoldrick', 'job': 'Story'}, {'id': 2127, 'name': 'James Wan', 'job': 'Story'}, {'id': 1247264, 'name': 'Ian B. Goldberg', 'job': 'Screenplay'}, {'id': 1661846, 'name': 'Richard Naing', 'job': 'Screenplay'}, {'id': 142686, 'name': 'David Leslie Johnson-McGoldrick', 'job': 'Screenplay'}","lan-detected":null,"title-translated":"El Conjuro 4: Últimos ritos"},{"id":597,"title":"Titanic","rating":7.903,"release_date":"1997-11-18T00:00:00.000","runtime":195,"genres":"Drama, Romance","votes":26625,"budget":200000000,"revenue":2264162353,"language":"en","directors":"{'id': 2710, 'name': 'James Cameron'}","writers":"{'id': 2710, 'name': 'James Cameron', 'job': 'Writer'}","lan-detected":null,"title-translated":"Titanic"},{"id":122917,"title":"El Hobbit 3: La Batalla de Los Cinco Ejércitos","rating":7.331,"release_date":"2014-12-10T00:00:00.000","runtime":144,"genres":"Acción, Aventura, Fantasía","votes":14999,"budget":250000000,"revenue":956019788,"language":"en","directors":"{'id': 108, 'name': 'Peter Jackson'}","writers":"{'id': 108, 'name': 'Peter Jackson', 'job': 'Screenplay'}, {'id': 128, 'name': 'Philippa Boyens', 'job': 'Screenplay'}, {'id': 10828, 'name': 'Guillermo del Toro', 'job': 'Screenplay'}, {'id': 126, 'name': 'Fran Walsh', 'job': 'Screenplay'}","lan-detected":null,"title-translated":"El Hobbit 3: La Batalla de Los Cinco Ejércitos"},{"id":402431,"title":"Wicked","rating":6.932,"release_date":"2024-10-16T00:00:00.000","runtime":162,"genres":"Drama, Romance, Fantasía","votes":2773,"budget":150000000,"revenue":758737211,"language":"en","directors":"{'id': 54507, 'name': 'Jon M. Chu'}","writers":"{'id': 1222194, 'name': 'Winnie Holzman', 'job': 'Screenplay'}, {'id': 56718, 'name': 'Dana Fox', 'job': 'Screenplay'}","lan-detected":null,"title-translated":"Wicked"},{"id":10437,"title":"Una Navidad con los Muppets","rating":7.432,"release_date":"1992-12-11T00:00:00.000","runtime":86,"genres":"Música, Comedia, Familia, Fantasía, Drama","votes":1127,"budget":12000000,"revenue":27300000,"language":"en","directors":"{'id': 65298, 'name': 'Brian Henson'}","writers":"{'id': 64184, 'name': 'Jerry Juhl', 'job': 'Screenplay'}","lan-detected":null,"title-translated":"Una Navidad con los Muppets"},{"id":507089,"title":"Five Nights at Freddy's","rating":7.363,"release_date":"2023-10-25T00:00:00.000","runtime":110,"genres":"Terror, Suspense","votes":4797,"budget":20000000,"revenue":297242145,"language":"en","directors":"{'id': 2103746, 'name': 'Emma Tammi'}","writers":"{'id': 2103746, 'name': 'Emma Tammi', 'job': 'Screenplay'}, {'id': 1292135, 'name': 'Seth Cuddeback', 'job': 'Screenplay'}, {'id': 2125615, 'name': 'Scott Cawthon', 'job': 'Screenplay'}, {'id': 2125615, 'name': 'Scott Cawthon', 'job': 'Story'}","lan-detected":null,"title-translated":"Five Nights at Freddy's"},{"id":9759,"title":"Celular: Llamada desesperada","rating":6.387,"release_date":"2004-09-06T00:00:00.000","runtime":94,"genres":"Acción, Suspense, Drama, Crimen","votes":2025,"budget":25000000,"revenue":57678321,"language":"en","directors":"{'id': 4755, 'name': 'David R. Ellis'}","writers":"{'id': 58191, 'name': 'Chris Morgan', 'job': 'Screenplay'}, {'id': 19266, 'name': 'Larry Cohen', 'job': 'Story'}","lan-detected":null,"title-translated":"Celular: Llamada desesperada"},{"id":120,"title":"El señor de los anillos: La comunidad del anillo","rating":8.427,"release_date":"2001-12-18T00:00:00.000","runtime":179,"genres":"Aventura, Fantasía, Acción","votes":26784,"budget":93000000,"revenue":871368364,"language":"en","directors":"{'id': 108, 'name': 'Peter Jackson'}","writers":"{'id': 128, 'name': 'Philippa Boyens', 'job': 'Screenplay'}, {'id': 126, 'name': 'Fran Walsh', 'job': 'Screenplay'}, {'id': 108, 'name': 'Peter Jackson', 'job': 'Screenplay'}","lan-detected":null,"title-translated":"El señor de los anillos: La comunidad del anillo"},{"id":574475,"title":"Destino final lazos de sangre","rating":7.095,"release_date":"2025-05-14T00:00:00.000","runtime":100,"genres":"Terror, Misterio","votes":2524,"budget":50000000,"revenue":315830814,"language":"en","directors":"{'id': 1938317, 'name': 'Adam B. Stein'}, {'id': 1181022, 'name': 'Zach Lipovsky'}","writers":"{'id': 1661850, 'name': 'Guy Busick', 'job': 'Screenplay'}, {'id': 1293994, 'name': 'Jon Watts', 'job': 'Story'}, {'id': 2198345, 'name': 'Lori Evans Taylor', 'job': 'Screenplay'}, {'id': 1661850, 'name': 'Guy Busick', 'job': 'Story'}, {'id': 2198345, 'name': 'Lori Evans Taylor', 'job': 'Story'}","lan-detected":null,"title-translated":"Destino final lazos de sangre"},{"id":1010756,"title":"Los Extraños: Capítulo 2","rating":5.992,"release_date":"2025-09-25T00:00:00.000","runtime":96,"genres":"Terror, Suspense","votes":188,"budget":8000000,"revenue":21921749,"language":"en","directors":"{'id': 16938, 'name': 'Renny Harlin'}","writers":"{'id': 127148, 'name': 'Alan Freedland', 'job': 'Screenplay'}, {'id': 127146, 'name': 'Alan R. Cohen', 'job': 'Screenplay'}","lan-detected":null,"title-translated":"Los Extraños: Capítulo 2"},{"id":1242419,"title":"Un Buen Ladrón","rating":7.18,"release_date":"2025-10-08T00:00:00.000","runtime":126,"genres":"Crimen, Comedia, Drama","votes":401,"budget":18000000,"revenue":34121603,"language":"en","directors":"{'id': 139098, 'name': 'Derek Cianfrance'}","writers":"{'id': 139098, 'name': 'Derek Cianfrance', 'job': 'Screenplay'}, {'id': 87068, 'name': 'Kirt Gunn', 'job': 'Screenplay'}","lan-detected":null,"title-translated":"Un Buen Ladrón"},{"id":1371185,"title":"Song Sung Blue: Sueño inquebrantable","rating":7.231,"release_date":"2025-12-25T00:00:00.000","runtime":133,"genres":"Drama, Música, Romance","votes":26,"budget":30000000,"revenue":21669010,"language":"en","directors":"{'id': 53267, 'name': 'Craig Brewer'}","writers":"{'id': 53267, 'name': 'Craig Brewer', 'job': 'Writer'}","lan-detected":null,"title-translated":"Song Sung Blue: Sueño inquebrantable"},{"id":1284120,"title":"La hermanastra fea","rating":7.3,"release_date":"2025-03-07T00:00:00.000","runtime":109,"genres":"Terror, Comedia, Fantasía, Drama","votes":800,"budget":4250000,"revenue":5325096,"language":"no","directors":"{'id': 1480411, 'name': 'Emilie Blichfeldt'}","writers":"{'id': 1480411, 'name': 'Emilie Blichfeldt', 'job': 'Writer'}","lan-detected":null,"title-translated":"La hermanastra fea"},{"id":1022787,"title":"Elio","rating":7.0,"release_date":"2025-06-18T00:00:00.000","runtime":99,"genres":"Familia, Comedia, Aventura, Animación, Ciencia ficción","votes":764,"budget":150000000,"revenue":154291182,"language":"en","directors":"{'id': 2009739, 'name': 'Domee Shi'}, {'id': 1171950, 'name': 'Madeline Sharafian'}, {'id': 1684652, 'name': 'Adrian Molina'}","writers":"{'id': 1226604, 'name': 'Julia Cho', 'job': 'Screenplay'}, {'id': 1368145, 'name': 'Mark Hammer', 'job': 'Screenplay'}, {'id': 2808625, 'name': 'Mike Jones', 'job': 'Screenplay'}, {'id': 1684652, 'name': 'Adrian Molina', 'job': 'Story'}, {'id': 1171950, 'name': 'Madeline Sharafian', 'job': 'Story'}, {'id': 2009739, 'name': 'Domee Shi', 'job': 'Story'}, {'id': 1226604, 'name': 'Julia Cho', 'job': 'Story'}","lan-detected":null,"title-translated":"Elio"},{"id":496243,"title":"Parásitos","rating":8.496,"release_date":"2019-05-30T00:00:00.000","runtime":132,"genres":"Comedia, Suspense, Drama","votes":19899,"budget":11363000,"revenue":257591776,"language":"ko","directors":"{'id': 21684, 'name': 'Bong Joon Ho'}","writers":"{'id': 21684, 'name': 'Bong Joon Ho', 'job': 'Story'}, {'id': 2320121, 'name': 'Han Jin-won', 'job': 'Screenplay'}, {'id': 21684, 'name': 'Bong Joon Ho', 'job': 'Screenplay'}","lan-detected":null,"title-translated":"Parásitos"},{"id":550,"title":"El Club de la Pelea","rating":8.438,"release_date":"1999-10-15T00:00:00.000","runtime":139,"genres":"Drama, Suspense","votes":31197,"budget":63000000,"revenue":100853753,"language":"en","directors":"{'id': 7467, 'name': 'David Fincher'}","writers":"{'id': 7469, 'name': 'Jim Uhls', 'job': 'Screenplay'}","lan-detected":null,"title-translated":"El Club de la Pelea"},{"id":634649,"title":"Spider-Man: Sin camino a casa","rating":7.936,"release_date":"2021-12-15T00:00:00.000","runtime":148,"genres":"Acción, Aventura, Ciencia ficción","votes":21413,"budget":200000000,"revenue":1921847111,"language":"en","directors":"{'id': 1293994, 'name': 'Jon Watts'}","writers":"{'id': 1246890, 'name': 'Chris McKenna', 'job': 'Writer'}, {'id': 1350918, 'name': 'Erik Sommers', 'job': 'Writer'}","lan-detected":null,"title-translated":"Spider-Man: Sin camino a casa"},{"id":474350,"title":"IT: Capítulo 2","rating":6.84,"release_date":"2019-09-04T00:00:00.000","runtime":169,"genres":"Terror, Suspense, Drama","votes":9372,"budget":79000000,"revenue":473123154,"language":"en","directors":"{'id': 1113116, 'name': 'Andy Muschietti'}","writers":"{'id': 1338249, 'name': 'Gary Dauberman', 'job': 'Screenplay'}","lan-detected":null,"title-translated":"IT: Capítulo 2"},{"id":1175942,"title":"Los tipos malos 2","rating":7.723,"release_date":"2025-07-24T00:00:00.000","runtime":104,"genres":"Familia, Comedia, Crimen, Aventura, Animación","votes":604,"budget":80000000,"revenue":239430647,"language":"en","directors":"{'id': 1261455, 'name': 'Pierre Perifel'}","writers":"{'id': 967321, 'name': 'Yoni Brenner', 'job': 'Screenplay'}, {'id': 52803, 'name': 'Etan Cohen', 'job': 'Screenplay'}","lan-detected":null,"title-translated":"Los tipos malos 2"},{"id":155,"title":"Batman: El caballero de la noche","rating":8.525,"release_date":"2008-07-16T00:00:00.000","runtime":152,"genres":"Drama, Acción, Crimen, Suspense","votes":34942,"budget":185000000,"revenue":1004558444,"language":"en","directors":"{'id': 525, 'name': 'Christopher Nolan'}","writers":"{'id': 3893, 'name': 'David S. Goyer', 'job': 'Story'}, {'id': 527, 'name': 'Jonathan Nolan', 'job': 'Screenplay'}, {'id': 525, 'name': 'Christopher Nolan', 'job': 'Screenplay'}, {'id': 525, 'name': 'Christopher Nolan', 'job': 'Story'}","lan-detected":null,"title-translated":"Batman: El caballero de la noche"},{"id":1456349,"title":"Fue solo un accidente","rating":7.19,"release_date":"2025-09-27T00:00:00.000","runtime":103,"genres":"Drama, Suspense, Crimen","votes":252,"budget":6000000,"revenue":9044840,"language":"fa","directors":"{'id': 120229, 'name': 'Jafar Panahi'}","writers":"{'id': 120229, 'name': 'Jafar Panahi', 'job': 'Screenplay'}","lan-detected":null,"title-translated":"Fue solo un accidente"},{"id":562,"title":"Duro de matar","rating":7.805,"release_date":"1988-07-15T00:00:00.000","runtime":132,"genres":"Acción, Suspense","votes":11920,"budget":28000000,"revenue":140767956,"language":"en","directors":"{'id': 1090, 'name': 'John McTiernan'}","writers":"{'id': 1726, 'name': 'Steven E. de Souza', 'job': 'Screenplay'}, {'id': 7671, 'name': 'Jeb Stuart', 'job': 'Screenplay'}","lan-detected":null,"title-translated":"Duro de matar"},{"id":546554,"title":"Entre Navajas y Secretos","rating":7.844,"release_date":"2019-11-27T00:00:00.000","runtime":130,"genres":"Comedia, Crimen, Misterio","votes":13477,"budget":40000000,"revenue":312897920,"language":"en","directors":"{'id': 67367, 'name': 'Rian Johnson'}","writers":"{'id': 67367, 'name': 'Rian Johnson', 'job': 'Writer'}","lan-detected":null,"title-translated":"Entre Navajas y Secretos"},{"id":845781,"title":"Código: Traje rojo","rating":7.014,"release_date":"2024-10-31T00:00:00.000","runtime":124,"genres":"Acción, Comedia, Fantasía","votes":2876,"budget":250000000,"revenue":185700759,"language":"en","directors":"{'id': 51851, 'name': 'Jake Kasdan'}","writers":"{'id': 1466097, 'name': 'Hiram Garcia', 'job': 'Story'}, {'id': 58191, 'name': 'Chris Morgan', 'job': 'Screenplay'}","lan-detected":null,"title-translated":"Código: Traje rojo"},{"id":673,"title":"Harry Potter y el prisionero de Azkaban","rating":8.01,"release_date":"2004-05-31T00:00:00.000","runtime":142,"genres":"Aventura, Fantasía","votes":22693,"budget":130000000,"revenue":789804554,"language":"en","directors":"{'id': 11218, 'name': 'Alfonso Cuarón'}","writers":"{'id': 10967, 'name': 'Steve Kloves', 'job': 'Screenplay'}","lan-detected":null,"title-translated":"Harry Potter y el prisionero de Azkaban"},{"id":519182,"title":"Mi villano favorito 4","rating":7.003,"release_date":"2024-06-20T00:00:00.000","runtime":94,"genres":"Familia, Comedia, Animación, Ciencia ficción","votes":3017,"budget":100000000,"revenue":969597394,"language":"en","directors":"{'id': 124748, 'name': 'Chris Renaud'}","writers":"{'id': 17735, 'name': 'Mike White', 'job': 'Writer'}, {'id': 52360, 'name': 'Ken Daurio', 'job': 'Writer'}","lan-detected":null,"title-translated":"Mi villano favorito 4"},{"id":672,"title":"Harry Potter y la cámara secreta","rating":7.705,"release_date":"2002-11-13T00:00:00.000","runtime":161,"genres":"Aventura, Fantasía","votes":23118,"budget":100000000,"revenue":876688482,"language":"en","directors":"{'id': 10965, 'name': 'Chris Columbus'}","writers":"{'id': 10967, 'name': 'Steve Kloves', 'job': 'Screenplay'}","lan-detected":null,"title-translated":"Harry Potter y la cámara secreta"},{"id":1128650,"title":"El Fiscal","rating":6.831,"release_date":"2024-12-08T00:00:00.000","runtime":117,"genres":"Acción, Drama, Crimen, Suspense","votes":169,"budget":38500000,"revenue":128093757,"language":"cn","directors":"{'id': 1341, 'name': 'Donnie Yen'}","writers":"{'id': 77703, 'name': 'Edmond Wong Chi-Mun', 'job': 'Writer'}, {'id': 3739744, 'name': 'Cheung Chun-Ho', 'job': 'Writer'}","lan-detected":null,"title-translated":"El Fiscal"},{"id":109445,"title":"Frozen: Una Aventura Congelada","rating":7.248,"release_date":"2013-11-20T00:00:00.000","runtime":102,"genres":"Animación, Familia, Aventura, Fantasía","votes":17255,"budget":150000000,"revenue":1274219009,"language":"en","directors":"{'id': 15774, 'name': 'Chris Buck'}, {'id': 1120694, 'name': 'Jennifer Lee'}","writers":"{'id': 1120694, 'name': 'Jennifer Lee', 'job': 'Story'}, {'id': 15774, 'name': 'Chris Buck', 'job': 'Story'}, {'id': 119863, 'name': 'Shane Morris', 'job': 'Story'}, {'id': 1120694, 'name': 'Jennifer Lee', 'job': 'Screenplay'}","lan-detected":null,"title-translated":"Frozen: Una Aventura Congelada"},{"id":1242011,"title":"Together: Juntos hasta la muerte","rating":7.081,"release_date":"2025-07-28T00:00:00.000","runtime":102,"genres":"Terror, Romance","votes":812,"budget":17000000,"revenue":32273159,"language":"en","directors":"{'id': 1393127, 'name': 'Michael Shanks'}","writers":"{'id': 1393127, 'name': 'Michael Shanks', 'job': 'Writer'}","lan-detected":null,"title-translated":"Together: Juntos hasta la muerte"},{"id":11649,"title":"He-Man Y Los Amos Del Universo (Masters of the Universe)","rating":5.73,"release_date":"1987-08-07T00:00:00.000","runtime":106,"genres":"Acción, Fantasía, Ciencia ficción, Aventura, Suspense","votes":970,"budget":22000000,"revenue":17336370,"language":"en","directors":"{'id': 70737, 'name': 'Gary Goddard'}","writers":"{'id': 58337, 'name': 'David Odell', 'job': 'Screenplay'}","lan-detected":null,"title-translated":"He-Man Y Los Amos Del Universo (Masters of the Universe)"},{"id":615453,"title":"Ne Zha","rating":7.878,"release_date":"2019-07-26T00:00:00.000","runtime":110,"genres":"Animación, Fantasía, Aventura","votes":766,"budget":22000000,"revenue":742718496,"language":"zh","directors":"{'id': 2367353, 'name': 'Jiao Zi'}","writers":"{'id': 2397782, 'name': 'Wei Yunyun', 'job': 'Story'}, {'id': 2367353, 'name': 'Jiao Zi', 'job': 'Screenplay'}, {'id': 2397781, 'name': 'Yi Qiao', 'job': 'Story'}","lan-detected":null,"title-translated":"Ne Zha"},{"id":12444,"title":"Harry Potter y las reliquias de la muerte (1ª parte)","rating":7.737,"release_date":"2010-11-17T00:00:00.000","runtime":146,"genres":"Aventura, Fantasía","votes":19977,"budget":250000000,"revenue":954305868,"language":"en","directors":"{'id': 11343, 'name': 'David Yates'}","writers":"{'id': 10967, 'name': 'Steve Kloves', 'job': 'Screenplay'}","lan-detected":null,"title-translated":"Harry Potter y las reliquias de la muerte (1ª parte)"},{"id":696506,"title":"Mickey 17","rating":6.826,"release_date":"2025-02-28T00:00:00.000","runtime":137,"genres":"Ciencia ficción, Comedia, Aventura","votes":3108,"budget":118000000,"revenue":133347147,"language":"en","directors":"{'id': 21684, 'name': 'Bong Joon Ho'}","writers":"{'id': 21684, 'name': 'Bong Joon Ho', 'job': 'Writer'}","lan-detected":null,"title-translated":"Mickey 17"},{"id":1167307,"title":"David","rating":7.8,"release_date":"2025-12-14T00:00:00.000","runtime":109,"genres":"Animación, Familia, Drama","votes":14,"budget":60900000,"revenue":65094100,"language":"en","directors":"{'id': 2838796, 'name': 'Phil Cunningham'}, {'id': 2508883, 'name': 'Brent Dawes'}","writers":"{'id': 2508883, 'name': 'Brent Dawes', 'job': 'Writer'}","lan-detected":null,"title-translated":"David"},{"id":862,"title":"Toy Story","rating":7.971,"release_date":"1995-11-22T00:00:00.000","runtime":81,"genres":"Familia, Comedia, Animación, Aventura","votes":19413,"budget":30000000,"revenue":401157969,"language":"en","directors":"{'id': 7879, 'name': 'John Lasseter'}","writers":"{'id': 12891, 'name': 'Joss Whedon', 'job': 'Screenplay'}, {'id': 7, 'name': 'Andrew Stanton', 'job': 'Screenplay'}, {'id': 12892, 'name': 'Joel Cohen', 'job': 'Screenplay'}, {'id': 12893, 'name': 'Alec Sokolow', 'job': 'Screenplay'}","lan-detected":null,"title-translated":"Toy Story"},{"id":502356,"title":"Super Mario Bros. La película","rating":7.6,"release_date":"2023-04-05T00:00:00.000","runtime":92,"genres":"Familia, Comedia, Aventura, Animación, Fantasía","votes":10168,"budget":100000000,"revenue":1362000000,"language":"en","directors":"{'id': 113901, 'name': 'Michael Jelenic'}, {'id': 1719706, 'name': 'Aaron Horvath'}","writers":"{'id': 1777724, 'name': 'Matthew Fogel', 'job': 'Writer'}","lan-detected":null,"title-translated":"Super Mario Bros. La película"},{"id":437583,"title":"November","rating":7.0,"release_date":"2017-02-03T00:00:00.000","runtime":115,"genres":"Drama, Fantasía, Romance, Terror","votes":167,"budget":1550000,"revenue":19084,"language":"et","directors":"{'id': 580824, 'name': 'Rainer Sarnet'}","writers":"{'id': 580824, 'name': 'Rainer Sarnet', 'job': 'Screenplay'}","lan-detected":null,"title-translated":"November"},{"id":425,"title":"La era de hielo","rating":7.367,"release_date":"2002-03-14T00:00:00.000","runtime":81,"genres":"Animación, Comedia, Familia, Aventura","votes":13973,"budget":59000000,"revenue":383257136,"language":"en","directors":"{'id': 5713, 'name': 'Chris Wedge'}","writers":"{'id': 5715, 'name': 'Michael J. Wilson', 'job': 'Screenplay'}, {'id': 5717, 'name': 'Peter Ackerman', 'job': 'Screenplay'}, {'id': 5716, 'name': 'Michael Berg', 'job': 'Screenplay'}, {'id': 5715, 'name': 'Michael J. Wilson', 'job': 'Story'}","lan-detected":null,"title-translated":"La era de hielo"},{"id":296096,"title":"Yo Antes de Ti","rating":7.924,"release_date":"2016-06-01T00:00:00.000","runtime":110,"genres":"Drama, Romance","votes":12966,"budget":20000000,"revenue":207945075,"language":"en","directors":"{'id': 1096867, 'name': 'Thea Sharrock'}","writers":"{'id': 77950, 'name': 'Scott Neustadter', 'job': 'Screenplay'}, {'id': 1371010, 'name': 'Jojo Moyes', 'job': 'Screenplay'}, {'id': 77951, 'name': 'Michael H. Weber', 'job': 'Screenplay'}","lan-detected":null,"title-translated":"Yo Antes de Ti"},{"id":585,"title":"Monsters, Inc.","rating":7.847,"release_date":"2001-11-01T00:00:00.000","runtime":92,"genres":"Animación, Comedia, Familia","votes":19346,"budget":115000000,"revenue":579700000,"language":"en","directors":"{'id': 12890, 'name': 'Pete Docter'}","writers":"{'id': 7, 'name': 'Andrew Stanton', 'job': 'Screenplay'}, {'id': 7884, 'name': 'Daniel Gerson', 'job': 'Screenplay'}","lan-detected":null,"title-translated":"Monsters, Inc."},{"id":769,"title":"Buenos Muchachos","rating":8.452,"release_date":"1990-09-12T00:00:00.000","runtime":145,"genres":"Drama, Crimen","votes":13885,"budget":25000000,"revenue":47072327,"language":"en","directors":"{'id': 1032, 'name': 'Martin Scorsese'}","writers":"{'id': 7163, 'name': 'Nicholas Pileggi', 'job': 'Screenplay'}, {'id': 1032, 'name': 'Martin Scorsese', 'job': 'Screenplay'}","lan-detected":null,"title-translated":"Buenos Muchachos"},{"id":661374,"title":"Glass Onion: Un misterio de Knives Out","rating":7.034,"release_date":"2022-11-23T00:00:00.000","runtime":139,"genres":"Comedia, Crimen, Misterio","votes":6401,"budget":40000000,"revenue":15000000,"language":"en","directors":"{'id': 67367, 'name': 'Rian Johnson'}","writers":"{'id': 67367, 'name': 'Rian Johnson', 'job': 'Writer'}","lan-detected":null,"title-translated":"Glass Onion: Un misterio de Knives Out"},{"id":1280450,"title":"La niña robada","rating":6.268,"release_date":"2025-09-04T00:00:00.000","runtime":110,"genres":"Suspense, Acción, Aventura","votes":112,"budget":26000000,"revenue":92691,"language":"en","directors":"{'id': 211659, 'name': 'James Kent'}","writers":"{'id': 93715, 'name': 'Kas Graham', 'job': 'Writer'}, {'id': 2542007, 'name': 'Rebecca Pollock', 'job': 'Writer'}","lan-detected":null,"title-translated":"La niña robada"},{"id":137,"title":"El día de la marmota","rating":7.621,"release_date":"1993-02-11T00:00:00.000","runtime":101,"genres":"Romance, Fantasía, Comedia","votes":8585,"budget":14600000,"revenue":71108778,"language":"en","directors":"{'id': 1524, 'name': 'Harold Ramis'}","writers":"{'id': 1526, 'name': 'Danny Rubin', 'job': 'Screenplay'}, {'id': 1524, 'name': 'Harold Ramis', 'job': 'Screenplay'}, {'id': 1526, 'name': 'Danny Rubin', 'job': 'Story'}","lan-detected":null,"title-translated":"El día de la marmota"},{"id":937941,"title":"Terror En Shelby Oaks","rating":5.774,"release_date":"2025-10-02T00:00:00.000","runtime":99,"genres":"Terror, Misterio","votes":170,"budget":1400000,"revenue":2350523,"language":"en","directors":"{'id': 1881494, 'name': 'Chris Stuckmann'}","writers":"{'id': 3510002, 'name': 'Sam Liz', 'job': 'Story'}, {'id': 1881494, 'name': 'Chris Stuckmann', 'job': 'Story'}, {'id': 1881494, 'name': 'Chris Stuckmann', 'job': 'Writer'}","lan-detected":null,"title-translated":"Terror En Shelby Oaks"},{"id":91314,"title":"Transformers 4: La Era de la Extinción","rating":5.957,"release_date":"2014-06-25T00:00:00.000","runtime":165,"genres":"Ciencia ficción, Acción, Aventura","votes":8564,"budget":210000000,"revenue":1104054072,"language":"en","directors":"{'id': 865, 'name': 'Michael Bay'}","writers":"{'id': 15244, 'name': 'Ehren Kruger', 'job': 'Writer'}","lan-detected":null,"title-translated":"Transformers 4: La Era de la Extinción"},{"id":240,"title":"El Padrino II","rating":8.6,"release_date":"1974-12-20T00:00:00.000","runtime":202,"genres":"Drama, Crimen","votes":13449,"budget":13000000,"revenue":102600000,"language":"en","directors":"{'id': 1776, 'name': 'Francis Ford Coppola'}","writers":"{'id': 3083, 'name': 'Mario Puzo', 'job': 'Screenplay'}, {'id': 1776, 'name': 'Francis Ford Coppola', 'job': 'Screenplay'}","lan-detected":null,"title-translated":"El Padrino II"},{"id":10138,"title":"Iron Man 2","rating":6.85,"release_date":"2010-04-28T00:00:00.000","runtime":125,"genres":"Aventura, Acción, Ciencia ficción","votes":21944,"budget":200000000,"revenue":623933331,"language":"en","directors":"{'id': 15277, 'name': 'Jon Favreau'}","writers":"{'id': 15009, 'name': 'Justin Theroux', 'job': 'Screenplay'}","lan-detected":null,"title-translated":"Iron Man 2"},{"id":573435,"title":"Bad Boys: Hasta la muerte","rating":7.343,"release_date":"2024-06-05T00:00:00.000","runtime":115,"genres":"Acción, Comedia, Crimen, Suspense, Aventura","votes":3164,"budget":100000000,"revenue":404547819,"language":"en","directors":"{'id': 1399841, 'name': 'Adil El Arbi'}, {'id': 1399842, 'name': 'Bilall Fallah'}","writers":"{'id': 1986351, 'name': 'Chris Bremner', 'job': 'Writer'}, {'id': 466391, 'name': 'Will Beall', 'job': 'Writer'}","lan-detected":null,"title-translated":"Bad Boys: Hasta la muerte"},{"id":807,"title":"Se7en: Los Siete Pecados Capitales","rating":8.378,"release_date":"1995-09-22T00:00:00.000","runtime":127,"genres":"Crimen, Misterio, Suspense","votes":22436,"budget":33000000,"revenue":327311859,"language":"en","directors":"{'id': 7467, 'name': 'David Fincher'}","writers":"{'id': 12047, 'name': 'Andrew Kevin Walker', 'job': 'Writer'}","lan-detected":null,"title-translated":"Se7en: Los Siete Pecados Capitales"},{"id":8587,"title":"El rey león","rating":8.256,"release_date":"1994-06-15T00:00:00.000","runtime":85,"genres":"Familia, Animación, Drama, Aventura","votes":19252,"budget":45000000,"revenue":763455561,"language":"en","directors":"{'id': 15812, 'name': 'Roger Allers'}, {'id': 18898, 'name': 'Rob Minkoff'}","writers":"{'id': 38792, 'name': 'Linda Woolverton', 'job': 'Screenplay'}, {'id': 56041, 'name': 'Irene Mecchi', 'job': 'Screenplay'}, {'id': 7933, 'name': 'Jonathan Roberts', 'job': 'Screenplay'}, {'id': 1447357, 'name': 'Rick Maki', 'job': 'Story'}, {'id': 1653447, 'name': 'Andrew Gaskill', 'job': 'Story'}, {'id': 1083425, 'name': 'Kevin Harkey', 'job': 'Story'}, {'id': 66193, 'name': 'Chris Sanders', 'job': 'Story'}, {'id': 952327, 'name': 'Larry Leker', 'job': 'Story'}, {'id': 1401075, 'name': 'Ed Gombert', 'job': 'Story'}, {'id': 61677, 'name': 'Burny Mattinson', 'job': 'Story'}, {'id': 56660, 'name': 'Lorna Cook', 'job': 'Story'}, {'id': 7911, 'name': 'Joe Ranft', 'job': 'Story'}, {'id': 958088, 'name': 'Jørgen Klubien', 'job': 'Story'}, {'id': 1246818, 'name': 'Tom Sito', 'job': 'Story'}, {'id': 1014468, 'name': 'Mark Kausler', 'job': 'Story'}, {'id': 32535, 'name': 'Jim Capobianco', 'job': 'Story'}, {'id': 74298, 'name': 'Francis Glebas', 'job': 'Story'}, {'id': 71132, 'name': 'Barry Johnson', 'job': 'Story'}, {'id': 957663, 'name': 'Thom Enriquez', 'job': 'Story'}, {'id': 62047, 'name': 'Gary Trousdale', 'job': 'Story'}","lan-detected":null,"title-translated":"El rey león"},{"id":18,"title":"El Quinto Elemento","rating":7.6,"release_date":"1997-05-02T00:00:00.000","runtime":126,"genres":"Ciencia ficción, Acción, Aventura","votes":11355,"budget":90000000,"revenue":263920180,"language":"fr","directors":"{'id': 59, 'name': 'Luc Besson'}","writers":"{'id': 59, 'name': 'Luc Besson', 'job': 'Story'}, {'id': 61, 'name': 'Robert Mark Kamen', 'job': 'Screenplay'}, {'id': 59, 'name': 'Luc Besson', 'job': 'Screenplay'}","lan-detected":null,"title-translated":"El Quinto Elemento"},{"id":858024,"title":"Hamnet","rating":7.63,"release_date":"2025-11-26T00:00:00.000","runtime":125,"genres":"Drama, Romance","votes":23,"budget":30000000,"revenue":11394682,"language":"en","directors":"{'id': 1395183, 'name': 'Chloé Zhao'}","writers":"{'id': 1395183, 'name': 'Chloé Zhao', 'job': 'Screenplay'}, {'id': 3967628, 'name': 'Maggie O’Farrell', 'job': 'Screenplay'}","lan-detected":null,"title-translated":"Hamnet"},{"id":335984,"title":"Blade Runner 2049","rating":7.589,"release_date":"2017-10-04T00:00:00.000","runtime":164,"genres":"Ciencia ficción, Drama","votes":14646,"budget":150000000,"revenue":259239658,"language":"en","directors":"{'id': 137427, 'name': 'Denis Villeneuve'}","writers":"{'id': 583, 'name': 'Hampton Fancher', 'job': 'Screenplay'}, {'id': 583, 'name': 'Hampton Fancher', 'job': 'Story'}, {'id': 191937, 'name': 'Michael Green', 'job': 'Screenplay'}","lan-detected":null,"title-translated":"Blade Runner 2049"},{"id":2062,"title":"Ratatouille","rating":7.835,"release_date":"2007-06-28T00:00:00.000","runtime":110,"genres":"Animación, Comedia, Familia, Fantasía","votes":18041,"budget":150000000,"revenue":623726000,"language":"en","directors":"{'id': 7087, 'name': 'Brad Bird'}","writers":"{'id': 7930, 'name': 'Jan Pinkava', 'job': 'Story'}, {'id': 7087, 'name': 'Brad Bird', 'job': 'Story'}, {'id': 32535, 'name': 'Jim Capobianco', 'job': 'Story'}, {'id': 7087, 'name': 'Brad Bird', 'job': 'Screenplay'}","lan-detected":null,"title-translated":"Ratatouille"},{"id":414906,"title":"Batman","rating":7.66,"release_date":"2022-03-01T00:00:00.000","runtime":175,"genres":"Crimen, Misterio, Suspense","votes":11474,"budget":185000000,"revenue":772319315,"language":"en","directors":"{'id': 32278, 'name': 'Matt Reeves'}","writers":"{'id': 225633, 'name': 'Peter Craig', 'job': 'Writer'}, {'id': 32278, 'name': 'Matt Reeves', 'job': 'Writer'}, {'id': 1823051, 'name': 'Mattson Tomlin', 'job': 'Writer'}","lan-detected":null,"title-translated":"Batman"},{"id":9502,"title":"Kung Fu Panda","rating":7.311,"release_date":"2008-06-04T00:00:00.000","runtime":92,"genres":"Animación, Familia, Comedia, Acción, Aventura","votes":12283,"budget":130000000,"revenue":632091832,"language":"en","directors":"{'id': 57741, 'name': 'Mark Osborne'}, {'id': 57742, 'name': 'John Stevenson'}","writers":"{'id': 57743, 'name': 'Glenn Berger', 'job': 'Screenplay'}, {'id': 57744, 'name': 'Jonathan Aibel', 'job': 'Screenplay'}, {'id': 56860, 'name': 'Ethan Reiff', 'job': 'Story'}, {'id': 70574, 'name': 'Cyrus Voris', 'job': 'Story'}","lan-detected":null,"title-translated":"Kung Fu Panda"},{"id":1166133,"title":"Bramayugam","rating":7.535,"release_date":"2024-02-15T00:00:00.000","runtime":139,"genres":"Terror, Suspense, Drama","votes":71,"budget":3300000,"revenue":10000000,"language":"ml","directors":"{'id': 3259226, 'name': 'Rahul Sadasivan'}","writers":"{'id': 3259226, 'name': 'Rahul Sadasivan', 'job': 'Screenplay'}","lan-detected":null,"title-translated":"Bramayugam"},{"id":14160,"title":"Up: Una Aventura de Altura","rating":7.96,"release_date":"2009-05-28T00:00:00.000","runtime":96,"genres":"Animación, Comedia, Familia, Aventura","votes":21199,"budget":175000000,"revenue":735103954,"language":"en","directors":"{'id': 12890, 'name': 'Pete Docter'}","writers":"{'id': 10, 'name': 'Bob Peterson', 'job': 'Screenplay'}, {'id': 12890, 'name': 'Pete Docter', 'job': 'Story'}, {'id': 10, 'name': 'Bob Peterson', 'job': 'Story'}, {'id': 17867, 'name': 'Tom McCarthy', 'job': 'Story'}, {'id': 12890, 'name': 'Pete Docter', 'job': 'Screenplay'}","lan-detected":null,"title-translated":"Up: Una Aventura de Altura"},{"id":786892,"title":"Furiosa: De la saga Mad Max","rating":7.458,"release_date":"2024-05-22T00:00:00.000","runtime":149,"genres":"Acción, Ciencia ficción, Aventura","votes":4586,"budget":168000000,"revenue":174287546,"language":"en","directors":"{'id': 20629, 'name': 'George Miller'}","writers":"{'id': 20629, 'name': 'George Miller', 'job': 'Writer'}, {'id': 1027146, 'name': 'Nico Lathouris', 'job': 'Writer'}","lan-detected":null,"title-translated":"Furiosa: De la saga Mad Max"},{"id":280,"title":"Terminator 2: El juicio final","rating":8.1,"release_date":"1991-07-03T00:00:00.000","runtime":137,"genres":"Acción, Suspense, Ciencia ficción","votes":13829,"budget":102000000,"revenue":517778573,"language":"en","directors":"{'id': 2710, 'name': 'James Cameron'}","writers":"{'id': 2710, 'name': 'James Cameron', 'job': 'Writer'}, {'id': 2711, 'name': 'William Wisher', 'job': 'Writer'}","lan-detected":null,"title-translated":"Terminator 2: El juicio final"},{"id":177572,"title":"Grandes Héroes","rating":7.726,"release_date":"2014-10-24T00:00:00.000","runtime":102,"genres":"Aventura, Familia, Animación, Acción, Comedia","votes":16255,"budget":165000000,"revenue":657870525,"language":"en","directors":"{'id': 70238, 'name': 'Chris Williams'}, {'id': 227439, 'name': 'Don Hall'}","writers":"{'id': 7931, 'name': 'Robert L. Baird', 'job': 'Story'}, {'id': 7931, 'name': 'Robert L. Baird', 'job': 'Screenplay'}, {'id': 7884, 'name': 'Daniel Gerson', 'job': 'Screenplay'}, {'id': 78600, 'name': 'Jordan Roberts', 'job': 'Screenplay'}, {'id': 1077830, 'name': 'Joseph Mateo', 'job': 'Story'}","lan-detected":null,"title-translated":"Grandes Héroes"},{"id":637649,"title":"Justicia Implacable","rating":7.589,"release_date":"2021-04-22T00:00:00.000","runtime":119,"genres":"Suspense, Crimen, Drama","votes":5872,"budget":40000000,"revenue":103966489,"language":"en","directors":"{'id': 956, 'name': 'Guy Ritchie'}","writers":"{'id': 2037427, 'name': 'Ivan Atkinson', 'job': 'Screenplay'}, {'id': 1270829, 'name': 'Marn Davies', 'job': 'Screenplay'}, {'id': 956, 'name': 'Guy Ritchie', 'job': 'Screenplay'}","lan-detected":null,"title-translated":"Justicia Implacable"},{"id":291805,"title":"Los Ilusionistas 2","rating":6.831,"release_date":"2016-06-02T00:00:00.000","runtime":129,"genres":"Suspense, Crimen","votes":11295,"budget":120000000,"revenue":334897606,"language":"en","directors":"{'id': 54507, 'name': 'Jon M. Chu'}","writers":"{'id': 9612, 'name': 'Ed Solomon', 'job': 'Screenplay'}, {'id': 9612, 'name': 'Ed Solomon', 'job': 'Story'}, {'id': 84435, 'name': 'Peter Chiarelli', 'job': 'Story'}","lan-detected":null,"title-translated":"Los Ilusionistas 2"},{"id":396535,"title":"Estación Zombie: tren a Busan","rating":7.747,"release_date":"2016-07-20T00:00:00.000","runtime":118,"genres":"Terror, Suspense, Acción, Aventura","votes":8100,"budget":8500000,"revenue":87547518,"language":"ko","directors":"{'id': 939147, 'name': 'Yeon Sang-ho'}","writers":"{'id': 1282607, 'name': 'Park Joo-suk', 'job': 'Writer'}","lan-detected":null,"title-translated":"Estación Zombie: tren a Busan"},{"id":150689,"title":"La Cenicienta","rating":6.8,"release_date":"2015-03-06T00:00:00.000","runtime":105,"genres":"Romance, Fantasía, Familia, Drama","votes":7287,"budget":95000000,"revenue":543514353,"language":"en","directors":"{'id': 11181, 'name': 'Kenneth Branagh'}","writers":"{'id': 44217, 'name': 'Charles Perrault', 'job': 'Story'}, {'id': 3288, 'name': 'Chris Weitz', 'job': 'Screenplay'}","lan-detected":null,"title-translated":"La Cenicienta"},{"id":11516,"title":"Le peuple migrateur","rating":7.589,"release_date":"2001-12-12T00:00:00.000","runtime":89,"genres":"Documental","votes":192,"budget":35866397,"revenue":20217080,"language":"fr","directors":"{'id': 20030, 'name': 'Jacques Perrin'}","writers":"{'id': 69706, 'name': 'Jean Dorst', 'job': 'Screenplay'}, {'id': 20030, 'name': 'Jacques Perrin', 'job': 'Screenplay'}, {'id': 2083127, 'name': 'Valentine Marvel', 'job': 'Screenplay'}","lan-detected":null,"title-translated":"Le peuple migrateur"},{"id":156022,"title":"El Justiciero","rating":7.281,"release_date":"2014-09-24T00:00:00.000","runtime":132,"genres":"Suspense, Acción, Crimen","votes":9661,"budget":55000000,"revenue":192330738,"language":"en","directors":"{'id': 20907, 'name': 'Antoine Fuqua'}","writers":"{'id': 22814, 'name': 'Richard Wenk', 'job': 'Writer'}","lan-detected":null,"title-translated":"El Justiciero"},{"id":228150,"title":"Corazones De Hierro","rating":7.54,"release_date":"2014-10-15T00:00:00.000","runtime":128,"genres":"Bélica, Drama, Acción","votes":12638,"budget":68000000,"revenue":211817906,"language":"en","directors":"{'id': 19769, 'name': 'David Ayer'}","writers":"{'id': 19769, 'name': 'David Ayer', 'job': 'Writer'}","lan-detected":null,"title-translated":"Corazones De Hierro"},{"id":603692,"title":"John Wick 4","rating":7.712,"release_date":"2023-03-22T00:00:00.000","runtime":170,"genres":"Acción, Suspense, Crimen","votes":7574,"budget":100000000,"revenue":440157245,"language":"en","directors":"{'id': 40644, 'name': 'Chad Stahelski'}","writers":"{'id': 2104243, 'name': 'Shay Hatten', 'job': 'Writer'}, {'id': 113307, 'name': 'Michael Finch', 'job': 'Writer'}","lan-detected":null,"title-translated":"John Wick 4"},{"id":76341,"title":"Mad Max: Furia en el camino","rating":7.629,"release_date":"2015-05-13T00:00:00.000","runtime":120,"genres":"Acción, Aventura, Ciencia ficción","votes":23632,"budget":150000000,"revenue":378858340,"language":"en","directors":"{'id': 20629, 'name': 'George Miller'}","writers":"{'id': 20629, 'name': 'George Miller', 'job': 'Writer'}, {'id': 1027146, 'name': 'Nico Lathouris', 'job': 'Writer'}, {'id': 1468313, 'name': 'Brendan McCarthy', 'job': 'Writer'}","lan-detected":null,"title-translated":"Mad Max: Furia en el camino"},{"id":209112,"title":"Batman versus Superman: El Origen de la Justicia","rating":5.989,"release_date":"2016-03-23T00:00:00.000","runtime":151,"genres":"Acción, Aventura, Fantasía","votes":18668,"budget":250000000,"revenue":874362803,"language":"en","directors":"{'id': 15217, 'name': 'Zack Snyder'}","writers":"{'id': 3893, 'name': 'David S. Goyer', 'job': 'Screenplay'}, {'id': 131680, 'name': 'Chris Terrio', 'job': 'Screenplay'}","lan-detected":null,"title-translated":"Batman versus Superman: El Origen de la Justicia"},{"id":447277,"title":"La sirenita","rating":6.285,"release_date":"2023-05-18T00:00:00.000","runtime":135,"genres":"Aventura, Familia, Fantasía, Romance","votes":3215,"budget":297000000,"revenue":569626289,"language":"en","directors":"{'id': 17633, 'name': 'Rob Marshall'}","writers":"{'id': 12996, 'name': 'David Magee', 'job': 'Screenplay'}","lan-detected":null,"title-translated":"La sirenita"},{"id":85,"title":"Los cazadores del arca perdida","rating":7.922,"release_date":"1981-06-12T00:00:00.000","runtime":115,"genres":"Aventura, Acción","votes":13275,"budget":18000000,"revenue":389925971,"language":"en","directors":"{'id': 488, 'name': 'Steven Spielberg'}","writers":"{'id': 8844, 'name': 'Lawrence Kasdan', 'job': 'Screenplay'}, {'id': 648, 'name': 'Philip Kaufman', 'job': 'Story'}, {'id': 1, 'name': 'George Lucas', 'job': 'Story'}","lan-detected":null,"title-translated":"Los cazadores del arca perdida"},{"id":870028,"title":"El contador 2","rating":7.108,"release_date":"2025-04-23T00:00:00.000","runtime":133,"genres":"Misterio, Crimen, Suspense","votes":1550,"budget":80000000,"revenue":103223366,"language":"en","directors":"{'id': 77003, 'name': \"Gavin O'Connor\"}","writers":"{'id': 1281388, 'name': 'Bill Dubuque', 'job': 'Writer'}","lan-detected":null,"title-translated":"El contador 2"},{"id":936108,"title":"Pitufos","rating":5.9,"release_date":"2025-07-05T00:00:00.000","runtime":92,"genres":"Animación, Familia, Fantasía","votes":233,"budget":58000000,"revenue":124157356,"language":"en","directors":"{'id': 12098, 'name': 'Chris Miller'}","writers":"{'id': 34522, 'name': 'Pam Brady', 'job': 'Writer'}","lan-detected":null,"title-translated":"Pitufos"},{"id":679,"title":"Aliens: El Regreso","rating":7.956,"release_date":"1986-07-18T00:00:00.000","runtime":137,"genres":"Acción, Suspense, Ciencia ficción","votes":10510,"budget":18500000,"revenue":183316455,"language":"en","directors":"{'id': 2710, 'name': 'James Cameron'}","writers":"{'id': 2710, 'name': 'James Cameron', 'job': 'Screenplay'}, {'id': 915, 'name': 'David Giler', 'job': 'Story'}, {'id': 1723, 'name': 'Walter Hill', 'job': 'Story'}, {'id': 2710, 'name': 'James Cameron', 'job': 'Story'}","lan-detected":null,"title-translated":"Aliens: El Regreso"},{"id":558449,"title":"Gladiador II","rating":6.645,"release_date":"2024-11-13T00:00:00.000","runtime":148,"genres":"Acción, Aventura, Drama","votes":4100,"budget":310000000,"revenue":462180717,"language":"en","directors":"{'id': 578, 'name': 'Ridley Scott'}","writers":"{'id': 225633, 'name': 'Peter Craig', 'job': 'Story'}, {'id': 21527, 'name': 'David Scarpa', 'job': 'Story'}, {'id': 21527, 'name': 'David Scarpa', 'job': 'Screenplay'}","lan-detected":null,"title-translated":"Gladiador II"},{"id":849,"title":"Krull","rating":6.049,"release_date":"1983-07-29T00:00:00.000","runtime":117,"genres":"Acción, Aventura, Fantasía, Ciencia ficción","votes":597,"budget":27000000,"revenue":16916617,"language":"en","directors":"{'id': 12804, 'name': 'Peter Yates'}","writers":"{'id': 12805, 'name': 'Stanford Sherman', 'job': 'Screenplay'}","lan-detected":null,"title-translated":"Krull"},{"id":866398,"title":"Beekeeper: Sentencia de muerte","rating":7.263,"release_date":"2024-01-08T00:00:00.000","runtime":106,"genres":"Acción, Crimen, Suspense","votes":3950,"budget":35000000,"revenue":152720535,"language":"en","directors":"{'id': 19769, 'name': 'David Ayer'}","writers":"{'id': 13927, 'name': 'Kurt Wimmer', 'job': 'Writer'}","lan-detected":null,"title-translated":"Beekeeper: Sentencia de muerte"},{"id":62835,"title":"Colombiana","rating":6.64,"release_date":"2011-07-27T00:00:00.000","runtime":111,"genres":"Acción, Suspense, Crimen, Drama","votes":2774,"budget":40000000,"revenue":71508440,"language":"en","directors":"{'id': 75035, 'name': 'Olivier Megaton'}","writers":"{'id': 59, 'name': 'Luc Besson', 'job': 'Screenplay'}, {'id': 61, 'name': 'Robert Mark Kamen', 'job': 'Screenplay'}","lan-detected":null,"title-translated":"Colombiana"},{"id":559,"title":"El hombre araña 3","rating":6.447,"release_date":"2007-05-01T00:00:00.000","runtime":139,"genres":"Acción, Aventura, Ciencia ficción","votes":14865,"budget":258000000,"revenue":894983373,"language":"en","directors":"{'id': 7623, 'name': 'Sam Raimi'}","writers":"{'id': 7630, 'name': 'Alvin Sargent', 'job': 'Screenplay'}, {'id': 7623, 'name': 'Sam Raimi', 'job': 'Screenplay'}, {'id': 7629, 'name': 'Ivan Raimi', 'job': 'Screenplay'}","lan-detected":null,"title-translated":"El hombre araña 3"},{"id":2105,"title":"American Pie: Tu Primera vez","rating":6.6,"release_date":"1999-07-09T00:00:00.000","runtime":98,"genres":"Comedia, Romance","votes":8075,"budget":11000000,"revenue":235483004,"language":"en","directors":"{'id': 3289, 'name': 'Paul Weitz'}","writers":"{'id': 21584, 'name': 'Adam Herz', 'job': 'Screenplay'}","lan-detected":null,"title-translated":"American Pie: Tu Primera vez"},{"id":748783,"title":"Garfield: Fuera de casa","rating":7.02,"release_date":"2024-04-30T00:00:00.000","runtime":101,"genres":"Familia, Comedia, Aventura, Animación","votes":1377,"budget":60000000,"revenue":254907482,"language":"en","directors":"{'id': 61411, 'name': 'Mark Dindal'}","writers":"{'id': 1705227, 'name': 'Mark Torgove', 'job': 'Screenplay'}, {'id': 4174087, 'name': 'Paul A. Kaplan', 'job': 'Screenplay'}, {'id': 11, 'name': 'David Reynolds', 'job': 'Screenplay'}","lan-detected":null,"title-translated":"Garfield: Fuera de casa"},{"id":810,"title":"Shrek Tercero","rating":6.302,"release_date":"2007-05-17T00:00:00.000","runtime":93,"genres":"Fantasía, Aventura, Animación, Comedia, Familia","votes":9548,"budget":160000000,"revenue":813367380,"language":"en","directors":"{'id': 12098, 'name': 'Chris Miller'}","writers":"{'id': 12101, 'name': 'Peter S. Seaman', 'job': 'Screenplay'}, {'id': 12100, 'name': 'Jeffrey Price', 'job': 'Screenplay'}, {'id': 5524, 'name': 'Andrew Adamson', 'job': 'Story'}, {'id': 12106, 'name': 'Aron Warner', 'job': 'Screenplay'}, {'id': 12098, 'name': 'Chris Miller', 'job': 'Screenplay'}","lan-detected":null,"title-translated":"Shrek Tercero"},{"id":11836,"title":"Bob Esponja: La película","rating":7.063,"release_date":"2004-11-19T00:00:00.000","runtime":87,"genres":"Familia, Comedia, Aventura, Animación","votes":3091,"budget":30000000,"revenue":141067890,"language":"en","directors":"{'id': 70651, 'name': 'Stephen Hillenburg'}","writers":"{'id': 70651, 'name': 'Stephen Hillenburg', 'job': 'Screenplay'}, {'id': 70652, 'name': 'Derek Drymon', 'job': 'Screenplay'}, {'id': 45416, 'name': 'Kent Osborne', 'job': 'Screenplay'}, {'id': 217174, 'name': 'Paul Tibbitt', 'job': 'Screenplay'}, {'id': 217181, 'name': 'Aaron Springer', 'job': 'Screenplay'}, {'id': 49903, 'name': 'Tim Hill', 'job': 'Screenplay'}, {'id': 70651, 'name': 'Stephen Hillenburg', 'job': 'Story'}","lan-detected":null,"title-translated":"Bob Esponja: La película"},{"id":489,"title":"Mente indomable","rating":8.157,"release_date":"1997-12-05T00:00:00.000","runtime":126,"genres":"Drama","votes":13376,"budget":10000000,"revenue":225900000,"language":"en","directors":"{'id': 5216, 'name': 'Gus Van Sant'}","writers":"{'id': 1892, 'name': 'Matt Damon', 'job': 'Writer'}, {'id': 880, 'name': 'Ben Affleck', 'job': 'Writer'}","lan-detected":null,"title-translated":"Mente indomable"},{"id":3933,"title":"El cadáver de la novia","rating":7.584,"release_date":"2005-09-12T00:00:00.000","runtime":77,"genres":"Romance, Fantasía, Animación","votes":9949,"budget":40000000,"revenue":118133252,"language":"en","directors":"{'id': 510, 'name': 'Tim Burton'}, {'id': 34891, 'name': 'Mike Johnson'}","writers":"{'id': 1300, 'name': 'John August', 'job': 'Screenplay'}, {'id': 1901, 'name': 'Caroline Thompson', 'job': 'Screenplay'}, {'id': 34892, 'name': 'Pamela Pettler', 'job': 'Screenplay'}","lan-detected":null,"title-translated":"El cadáver de la novia"},{"id":953,"title":"Madagascar","rating":6.918,"release_date":"2005-05-25T00:00:00.000","runtime":85,"genres":"Familia, Animación, Aventura, Comedia","votes":11431,"budget":75000000,"revenue":542064525,"language":"en","directors":"{'id': 18863, 'name': 'Eric Darnell'}, {'id': 18864, 'name': 'Tom McGrath'}","writers":"{'id': 7316, 'name': 'Mark Burton', 'job': 'Writer'}, {'id': 1176124, 'name': 'Billy Frolick', 'job': 'Writer'}, {'id': 18863, 'name': 'Eric Darnell', 'job': 'Writer'}, {'id': 18864, 'name': 'Tom McGrath', 'job': 'Writer'}","lan-detected":null,"title-translated":"Madagascar"},{"id":135397,"title":"Jurassic World","rating":6.7,"release_date":"2015-06-06T00:00:00.000","runtime":124,"genres":"Acción, Aventura, Ciencia ficción, Suspense","votes":21197,"budget":150000000,"revenue":1671537444,"language":"en","directors":"{'id': 930707, 'name': 'Colin Trevorrow'}","writers":"{'id': 67802, 'name': 'Rick Jaffa', 'job': 'Screenplay'}, {'id': 67803, 'name': 'Amanda Silver', 'job': 'Screenplay'}, {'id': 1020013, 'name': 'Derek Connolly', 'job': 'Screenplay'}, {'id': 67802, 'name': 'Rick Jaffa', 'job': 'Story'}, {'id': 67803, 'name': 'Amanda Silver', 'job': 'Story'}, {'id': 930707, 'name': 'Colin Trevorrow', 'job': 'Screenplay'}","lan-detected":null,"title-translated":"Jurassic World"},{"id":861451,"title":"Martin","rating":4.125,"release_date":"2024-10-11T00:00:00.000","runtime":147,"genres":"Acción, Drama, Suspense","votes":28,"budget":17647000,"revenue":3247000,"language":"kn","directors":"{'id': 2052928, 'name': 'A. P. Arjun'}","writers":"{'id': 2052928, 'name': 'A. P. Arjun', 'job': 'Screenplay'}, {'id': 544977, 'name': 'Arjun Sarja', 'job': 'Story'}","lan-detected":null,"title-translated":"Martin"},{"id":131631,"title":"Los juegos del hambre: Sinsajo - Parte 1","rating":6.817,"release_date":"2014-11-19T00:00:00.000","runtime":122,"genres":"Ciencia ficción, Aventura, Suspense","votes":16456,"budget":125000000,"revenue":755356711,"language":"en","directors":"{'id': 10943, 'name': 'Francis Lawrence'}","writers":"{'id': 35550, 'name': 'Danny Strong', 'job': 'Screenplay'}, {'id': 225633, 'name': 'Peter Craig', 'job': 'Screenplay'}","lan-detected":null,"title-translated":"Los juegos del hambre: Sinsajo - Parte 1"},{"id":823219,"title":"Flow","rating":8.106,"release_date":"2024-08-29T00:00:00.000","runtime":85,"genres":"Animación, Aventura, Fantasía, Familia","votes":2539,"budget":3700000,"revenue":17660107,"language":"lv","directors":"{'id': 1328012, 'name': 'Gints Zilbalodis'}","writers":"{'id': 1105426, 'name': 'Matīss Kaža', 'job': 'Screenplay'}, {'id': 1328012, 'name': 'Gints Zilbalodis', 'job': 'Screenplay'}","lan-detected":null,"title-translated":"Flow"},{"id":640,"title":"Atrápame si puedes","rating":7.978,"release_date":"2002-12-16T00:00:00.000","runtime":141,"genres":"Drama, Crimen","votes":16628,"budget":52000000,"revenue":352114312,"language":"en","directors":"{'id': 488, 'name': 'Steven Spielberg'}","writers":"{'id': 2689, 'name': 'Jeff Nathanson', 'job': 'Screenplay'}","lan-detected":null,"title-translated":"Atrápame si puedes"},{"id":854,"title":"La Máscara","rating":6.974,"release_date":"1994-07-29T00:00:00.000","runtime":101,"genres":"Romance, Comedia, Crimen, Fantasía","votes":10928,"budget":23000000,"revenue":351583407,"language":"en","directors":"{'id': 26713, 'name': 'Chuck Russell'}","writers":"{'id': 11402, 'name': 'Mike Werb', 'job': 'Screenplay'}, {'id': 20249, 'name': 'Mark Verheiden', 'job': 'Story'}, {'id': 1282474, 'name': 'Michael Fallon', 'job': 'Story'}","lan-detected":null,"title-translated":"La Máscara"},{"id":694,"title":"El resplandor","rating":8.206,"release_date":"1980-05-23T00:00:00.000","runtime":144,"genres":"Terror, Suspense","votes":18456,"budget":19000000,"revenue":44781695,"language":"en","directors":"{'id': 240, 'name': 'Stanley Kubrick'}","writers":"{'id': 240, 'name': 'Stanley Kubrick', 'job': 'Screenplay'}, {'id': 10404, 'name': 'Diane Johnson', 'job': 'Screenplay'}","lan-detected":null,"title-translated":"El resplandor"},{"id":1114967,"title":"Cuando el cielo se equivoca","rating":7.06,"release_date":"2025-10-14T00:00:00.000","runtime":98,"genres":"Comedia, Fantasía","votes":384,"budget":30000000,"revenue":26114174,"language":"en","directors":"{'id': 86626, 'name': 'Aziz Ansari'}","writers":"{'id': 86626, 'name': 'Aziz Ansari', 'job': 'Writer'}","lan-detected":null,"title-translated":"Cuando el cielo se equivoca"},{"id":17015,"title":"Persuasion","rating":7.1,"release_date":"1995-05-01T00:00:00.000","runtime":104,"genres":"Drama, Romance","votes":137,"budget":1500000,"revenue":5269757,"language":"en","directors":"{'id': 7017, 'name': 'Roger Michell'}","writers":"{'id': 137933, 'name': 'Nick Dear', 'job': 'Screenplay'}","lan-detected":null,"title-translated":"Persuasion"},{"id":11036,"title":"Diario de una pasión","rating":7.891,"release_date":"2004-06-25T00:00:00.000","runtime":123,"genres":"Romance, Drama","votes":12240,"budget":29000000,"revenue":115600000,"language":"en","directors":"{'id': 11151, 'name': 'Nick Cassavetes'}","writers":"{'id': 67887, 'name': 'Jan Sardi', 'job': 'Screenplay'}, {'id': 25210, 'name': 'Jeremy Leven', 'job': 'Screenplay'}","lan-detected":null,"title-translated":"Diario de una pasión"},{"id":6479,"title":"Soy Leyenda","rating":7.21,"release_date":"2007-12-12T00:00:00.000","runtime":104,"genres":"Drama, Ciencia ficción, Suspense","votes":16465,"budget":150000000,"revenue":585410052,"language":"en","directors":"{'id': 10943, 'name': 'Francis Lawrence'}","writers":"{'id': 5575, 'name': 'Akiva Goldsman', 'job': 'Screenplay'}, {'id': 6854, 'name': 'Mark Protosevich', 'job': 'Screenplay'}","lan-detected":null,"title-translated":"Soy Leyenda"},{"id":949,"title":"Fuego contra Fuego","rating":7.926,"release_date":"1995-12-15T00:00:00.000","runtime":170,"genres":"Crimen, Drama, Acción","votes":7984,"budget":60000000,"revenue":187400000,"language":"en","directors":"{'id': 638, 'name': 'Michael Mann'}","writers":"{'id': 638, 'name': 'Michael Mann', 'job': 'Writer'}","lan-detected":null,"title-translated":"Fuego contra Fuego"},{"id":284052,"title":"Doctor Strange: Hechicero supremo","rating":7.418,"release_date":"2016-10-25T00:00:00.000","runtime":115,"genres":"Fantasía, Aventura, Acción","votes":23033,"budget":180000000,"revenue":676343174,"language":"en","directors":"{'id': 55499, 'name': 'Scott Derrickson'}","writers":"{'id': 564940, 'name': 'Jon Spaihts', 'job': 'Writer'}, {'id': 55499, 'name': 'Scott Derrickson', 'job': 'Writer'}, {'id': 928106, 'name': 'C. Robert Cargill', 'job': 'Writer'}","lan-detected":null,"title-translated":"Doctor Strange: Hechicero supremo"},{"id":181812,"title":"Star Wars: El ascenso de Skywalker","rating":6.279,"release_date":"2019-12-18T00:00:00.000","runtime":141,"genres":"Aventura, Acción, Ciencia ficción","votes":10534,"budget":489900000,"revenue":1074144248,"language":"en","directors":"{'id': 15344, 'name': 'J.J. Abrams'}","writers":"{'id': 15344, 'name': 'J.J. Abrams', 'job': 'Story'}, {'id': 131680, 'name': 'Chris Terrio', 'job': 'Screenplay'}, {'id': 15344, 'name': 'J.J. Abrams', 'job': 'Screenplay'}, {'id': 131680, 'name': 'Chris Terrio', 'job': 'Story'}, {'id': 1020013, 'name': 'Derek Connolly', 'job': 'Story'}, {'id': 930707, 'name': 'Colin Trevorrow', 'job': 'Story'}","lan-detected":null,"title-translated":"Star Wars: El ascenso de Skywalker"},{"id":324786,"title":"Hasta el Último Hombre","rating":8.192,"release_date":"2016-10-07T00:00:00.000","runtime":139,"genres":"Drama, Historia, Bélica","votes":14504,"budget":40000000,"revenue":175302354,"language":"en","directors":"{'id': 2461, 'name': 'Mel Gibson'}","writers":"{'id': 53972, 'name': 'Robert Schenkkan', 'job': 'Screenplay'}, {'id': 137902, 'name': 'Andrew Knight', 'job': 'Screenplay'}","lan-detected":null,"title-translated":"Hasta el Último Hombre"},{"id":630,"title":"El mago de Oz","rating":7.59,"release_date":"1939-08-15T00:00:00.000","runtime":102,"genres":"Aventura, Fantasía, Familia","votes":5950,"budget":2777000,"revenue":33754967,"language":"en","directors":"{'id': 9049, 'name': 'Victor Fleming'}","writers":"{'id': 9053, 'name': 'Florence Ryerson', 'job': 'Screenplay'}, {'id': 9052, 'name': 'Noel Langley', 'job': 'Screenplay'}, {'id': 1505, 'name': 'Edgar Allan Woolf', 'job': 'Screenplay'}","lan-detected":null,"title-translated":"El mago de Oz"},{"id":283995,"title":"Guardianes de la Galaxia volumen 2","rating":7.612,"release_date":"2017-04-19T00:00:00.000","runtime":136,"genres":"Ciencia ficción, Aventura, Acción","votes":22504,"budget":200000000,"revenue":863756051,"language":"en","directors":"{'id': 15218, 'name': 'James Gunn'}","writers":"{'id': 15218, 'name': 'James Gunn', 'job': 'Writer'}","lan-detected":null,"title-translated":"Guardianes de la Galaxia volumen 2"},{"id":1126166,"title":"Amenaza en el aire","rating":5.957,"release_date":"2025-01-22T00:00:00.000","runtime":91,"genres":"Acción, Suspense","votes":1071,"budget":25000000,"revenue":48700000,"language":"en","directors":"{'id': 2461, 'name': 'Mel Gibson'}","writers":"{'id': 4059005, 'name': 'Jared Rosenberg', 'job': 'Writer'}","lan-detected":null,"title-translated":"Amenaza en el aire"},{"id":12155,"title":"Alicia en el país de las maravillas","rating":6.636,"release_date":"2010-03-03T00:00:00.000","runtime":108,"genres":"Familia, Fantasía, Aventura","votes":14536,"budget":200000000,"revenue":1025467110,"language":"en","directors":"{'id': 510, 'name': 'Tim Burton'}","writers":"{'id': 38792, 'name': 'Linda Woolverton', 'job': 'Screenplay'}","lan-detected":null,"title-translated":"Alicia en el país de las maravillas"},{"id":1930,"title":"El Sorprendente Hombre-Araña","rating":6.724,"release_date":"2012-06-23T00:00:00.000","runtime":136,"genres":"Acción, Aventura, Ciencia ficción","votes":18140,"budget":215000000,"revenue":757930663,"language":"en","directors":"{'id': 87742, 'name': 'Marc Webb'}","writers":"{'id': 20204, 'name': 'James Vanderbilt', 'job': 'Screenplay'}, {'id': 7630, 'name': 'Alvin Sargent', 'job': 'Screenplay'}, {'id': 10967, 'name': 'Steve Kloves', 'job': 'Screenplay'}, {'id': 20204, 'name': 'James Vanderbilt', 'job': 'Story'}","lan-detected":null,"title-translated":"El Sorprendente Hombre-Araña"},{"id":324544,"title":"Tierras Perdidas","rating":6.432,"release_date":"2025-02-27T00:00:00.000","runtime":102,"genres":"Acción, Fantasía, Western","votes":682,"budget":55000000,"revenue":4755330,"language":"en","directors":"{'id': 4014, 'name': 'Paul W. S. Anderson'}","writers":"{'id': 137321, 'name': 'Constantin Werner', 'job': 'Screenplay'}","lan-detected":null,"title-translated":"Tierras Perdidas"},{"id":1124620,"title":"El mono","rating":5.997,"release_date":"2025-02-14T00:00:00.000","runtime":97,"genres":"Terror, Comedia","votes":1151,"budget":10000000,"revenue":68871071,"language":"en","directors":"{'id': 90609, 'name': 'Osgood Perkins'}","writers":"{'id': 90609, 'name': 'Osgood Perkins', 'job': 'Screenplay'}","lan-detected":null,"title-translated":"El mono"},{"id":62,"title":"2001: Odisea del Espacio","rating":8.1,"release_date":"1968-04-02T00:00:00.000","runtime":149,"genres":"Ciencia ficción, Misterio, Aventura","votes":12243,"budget":12000000,"revenue":71923560,"language":"en","directors":"{'id': 240, 'name': 'Stanley Kubrick'}","writers":"{'id': 240, 'name': 'Stanley Kubrick', 'job': 'Screenplay'}, {'id': 241, 'name': 'Arthur C. Clarke', 'job': 'Screenplay'}","lan-detected":null,"title-translated":"2001: Odisea del Espacio"},{"id":882569,"title":"El Pacto","rating":7.728,"release_date":"2023-04-19T00:00:00.000","runtime":123,"genres":"Bélica, Acción, Suspense","votes":2994,"budget":55000000,"revenue":21948551,"language":"en","directors":"{'id': 956, 'name': 'Guy Ritchie'}","writers":"{'id': 1270829, 'name': 'Marn Davies', 'job': 'Screenplay'}, {'id': 956, 'name': 'Guy Ritchie', 'job': 'Screenplay'}, {'id': 2037427, 'name': 'Ivan Atkinson', 'job': 'Screenplay'}","lan-detected":null,"title-translated":"El Pacto"},{"id":82690,"title":"Ralph, el demoledor","rating":7.353,"release_date":"2012-11-01T00:00:00.000","runtime":101,"genres":"Familia, Animación, Comedia, Aventura","votes":12825,"budget":165000000,"revenue":471222889,"language":"en","directors":"{'id': 165787, 'name': 'Rich Moore'}","writers":"{'id': 1120694, 'name': 'Jennifer Lee', 'job': 'Screenplay'}, {'id': 567562, 'name': 'Phil Johnston', 'job': 'Screenplay'}, {'id': 15020, 'name': 'Jim Reardon', 'job': 'Story'}, {'id': 165787, 'name': 'Rich Moore', 'job': 'Story'}, {'id': 567562, 'name': 'Phil Johnston', 'job': 'Story'}","lan-detected":null,"title-translated":"Ralph, el demoledor"},{"id":756999,"title":"El teléfono negro","rating":7.541,"release_date":"2022-06-16T00:00:00.000","runtime":103,"genres":"Terror, Suspense","votes":5586,"budget":16000000,"revenue":161441914,"language":"en","directors":"{'id': 55499, 'name': 'Scott Derrickson'}","writers":"{'id': 55499, 'name': 'Scott Derrickson', 'job': 'Screenplay'}, {'id': 928106, 'name': 'C. Robert Cargill', 'job': 'Screenplay'}","lan-detected":null,"title-translated":"El teléfono negro"},{"id":38365,"title":"Son Como Niños","rating":6.401,"release_date":"2010-06-24T00:00:00.000","runtime":102,"genres":"Comedia","votes":6488,"budget":80000000,"revenue":271430189,"language":"en","directors":"{'id': 17494, 'name': 'Dennis Dugan'}","writers":"{'id': 19292, 'name': 'Adam Sandler', 'job': 'Writer'}, {'id': 66563, 'name': 'Fred Wolf', 'job': 'Writer'}","lan-detected":null,"title-translated":"Son Como Niños"},{"id":128,"title":"La princesa Mononoke","rating":8.323,"release_date":"1997-07-12T00:00:00.000","runtime":134,"genres":"Aventura, Fantasía, Animación","votes":8683,"budget":23500000,"revenue":176506186,"language":"ja","directors":"{'id': 608, 'name': 'Hayao Miyazaki'}","writers":"{'id': 608, 'name': 'Hayao Miyazaki', 'job': 'Screenplay'}","lan-detected":null,"title-translated":"La princesa Mononoke"},{"id":976573,"title":"Elementos","rating":7.59,"release_date":"2023-06-14T00:00:00.000","runtime":93,"genres":"Familia, Fantasía, Comedia, Romance, Animación","votes":5092,"budget":200000000,"revenue":496444308,"language":"en","directors":"{'id': 21198, 'name': 'Peter Sohn'}","writers":"{'id': 1219225, 'name': 'John Hoberg', 'job': 'Screenplay'}, {'id': 1212954, 'name': 'Kat Likkel', 'job': 'Story'}, {'id': 21198, 'name': 'Peter Sohn', 'job': 'Story'}, {'id': 1222181, 'name': 'Brenda Hsueh', 'job': 'Screenplay'}, {'id': 1219225, 'name': 'John Hoberg', 'job': 'Story'}, {'id': 1222181, 'name': 'Brenda Hsueh', 'job': 'Story'}, {'id': 1212954, 'name': 'Kat Likkel', 'job': 'Screenplay'}","lan-detected":null,"title-translated":"Elementos"},{"id":107,"title":"Snatch: Cerdos y diamantes","rating":7.817,"release_date":"2000-09-01T00:00:00.000","runtime":104,"genres":"Crimen, Comedia","votes":9659,"budget":100000000,"revenue":83557872,"language":"en","directors":"{'id': 956, 'name': 'Guy Ritchie'}","writers":"{'id': 956, 'name': 'Guy Ritchie', 'job': 'Writer'}","lan-detected":null,"title-translated":"Snatch: Cerdos y diamantes"},{"id":760329,"title":"La Máquina: The Smashing Machine","rating":6.528,"release_date":"2025-10-01T00:00:00.000","runtime":123,"genres":"Historia, Drama","votes":340,"budget":50000000,"revenue":21000000,"language":"en","directors":"{'id': 227564, 'name': 'Benny Safdie'}","writers":"{'id': 227564, 'name': 'Benny Safdie', 'job': 'Screenplay'}","lan-detected":null,"title-translated":"La Máquina: The Smashing Machine"},{"id":1245993,"title":"Atrapado robando","rating":6.94,"release_date":"2025-08-26T00:00:00.000","runtime":107,"genres":"Crimen, Suspense, Comedia","votes":664,"budget":40000000,"revenue":32703294,"language":"en","directors":"{'id': 6431, 'name': 'Darren Aronofsky'}","writers":"{'id': 1441646, 'name': 'Charlie Huston', 'job': 'Screenplay'}","lan-detected":null,"title-translated":"Atrapado robando"},{"id":10195,"title":"Thor","rating":6.768,"release_date":"2011-04-21T00:00:00.000","runtime":115,"genres":"Aventura, Fantasía, Acción","votes":21966,"budget":150000000,"revenue":449326618,"language":"en","directors":"{'id': 11181, 'name': 'Kenneth Branagh'}","writers":"{'id': 67484, 'name': 'Ashley Miller', 'job': 'Screenplay'}, {'id': 67485, 'name': 'Zack Stentz', 'job': 'Screenplay'}, {'id': 20401, 'name': 'Don Payne', 'job': 'Screenplay'}, {'id': 33045, 'name': 'J. Michael Straczynski', 'job': 'Story'}, {'id': 6854, 'name': 'Mark Protosevich', 'job': 'Story'}","lan-detected":null,"title-translated":"Thor"},{"id":381288,"title":"Fragmentado","rating":7.343,"release_date":"2017-01-19T00:00:00.000","runtime":117,"genres":"Terror, Suspense","votes":18032,"budget":9000000,"revenue":278454358,"language":"en","directors":"{'id': 11614, 'name': 'M. Night Shyamalan'}","writers":"{'id': 11614, 'name': 'M. Night Shyamalan', 'job': 'Writer'}","lan-detected":null,"title-translated":"Fragmentado"},{"id":615457,"title":"Nadie","rating":7.898,"release_date":"2021-03-18T00:00:00.000","runtime":92,"genres":"Acción, Suspense","votes":7964,"budget":16000000,"revenue":57512470,"language":"en","directors":"{'id': 1169024, 'name': 'Ilya Naishuller'}","writers":"{'id': 1076800, 'name': 'Derek Kolstad', 'job': 'Screenplay'}","lan-detected":null,"title-translated":"Nadie"},{"id":197,"title":"Corazón Valiente","rating":7.941,"release_date":"1995-05-24T00:00:00.000","runtime":178,"genres":"Acción, Drama, Historia, Bélica","votes":10781,"budget":72000000,"revenue":213216216,"language":"en","directors":"{'id': 2461, 'name': 'Mel Gibson'}","writers":"{'id': 2460, 'name': 'Randall Wallace', 'job': 'Writer'}","lan-detected":null,"title-translated":"Corazón Valiente"},{"id":161,"title":"La Gran Estafa","rating":7.454,"release_date":"2001-12-07T00:00:00.000","runtime":116,"genres":"Suspense, Crimen","votes":12233,"budget":85000000,"revenue":450717150,"language":"en","directors":"{'id': 1884, 'name': 'Steven Soderbergh'}","writers":"{'id': 1886, 'name': 'Ted Griffin', 'job': 'Screenplay'}","lan-detected":null,"title-translated":"La Gran Estafa"},{"id":20352,"title":"Mi villano favorito","rating":7.255,"release_date":"2010-07-08T00:00:00.000","runtime":95,"genres":"Familia, Comedia, Animación, Ciencia ficción","votes":15753,"budget":69000000,"revenue":543284256,"language":"en","directors":"{'id': 124748, 'name': 'Chris Renaud'}, {'id': 124747, 'name': 'Pierre Coffin'}","writers":"{'id': 124749, 'name': 'Sergio Pablos', 'job': 'Story'}, {'id': 52360, 'name': 'Ken Daurio', 'job': 'Screenplay'}, {'id': 52361, 'name': 'Cinco Paul', 'job': 'Screenplay'}","lan-detected":null,"title-translated":"Mi villano favorito"},{"id":46738,"title":"Incendios","rating":8.107,"release_date":"2010-09-17T00:00:00.000","runtime":131,"genres":"Drama, Bélica, Misterio","votes":3107,"budget":6800000,"revenue":6788659,"language":"fr","directors":"{'id': 137427, 'name': 'Denis Villeneuve'}","writers":"{'id': 970214, 'name': 'Valérie Beaugrand-Champagne', 'job': 'Screenplay'}, {'id': 137427, 'name': 'Denis Villeneuve', 'job': 'Screenplay'}","lan-detected":null,"title-translated":"Incendios"},{"id":242,"title":"El Padrino III","rating":7.419,"release_date":"1990-12-25T00:00:00.000","runtime":162,"genres":"Crimen, Drama, Suspense","votes":6645,"budget":54000000,"revenue":136766062,"language":"en","directors":"{'id': 1776, 'name': 'Francis Ford Coppola'}","writers":"{'id': 1776, 'name': 'Francis Ford Coppola', 'job': 'Screenplay'}, {'id': 3083, 'name': 'Mario Puzo', 'job': 'Screenplay'}","lan-detected":null,"title-translated":"El Padrino III"},{"id":321612,"title":"La Bella y La Bestia","rating":6.969,"release_date":"2017-03-16T00:00:00.000","runtime":129,"genres":"Familia, Fantasía, Romance","votes":15866,"budget":160000000,"revenue":1266115964,"language":"en","directors":"{'id': 15557, 'name': 'Bill Condon'}","writers":"{'id': 19311, 'name': 'Stephen Chbosky', 'job': 'Screenplay'}, {'id': 80675, 'name': 'Evan Spiliotopoulos', 'job': 'Screenplay'}","lan-detected":null,"title-translated":"La Bella y La Bestia"},{"id":1124,"title":"El Gran Truco","rating":8.205,"release_date":"2006-10-17T00:00:00.000","runtime":130,"genres":"Drama, Misterio, Ciencia ficción","votes":17080,"budget":40000000,"revenue":109676311,"language":"en","directors":"{'id': 525, 'name': 'Christopher Nolan'}","writers":"{'id': 527, 'name': 'Jonathan Nolan', 'job': 'Screenplay'}, {'id': 525, 'name': 'Christopher Nolan', 'job': 'Screenplay'}","lan-detected":null,"title-translated":"El Gran Truco"},{"id":329865,"title":"La Llegada","rating":7.623,"release_date":"2016-11-10T00:00:00.000","runtime":116,"genres":"Drama, Ciencia ficción, Misterio","votes":18845,"budget":47000000,"revenue":203388186,"language":"en","directors":"{'id': 137427, 'name': 'Denis Villeneuve'}","writers":"{'id': 115033, 'name': 'Eric Heisserer', 'job': 'Screenplay'}","lan-detected":null,"title-translated":"La Llegada"},{"id":34851,"title":"Depredadores","rating":6.297,"release_date":"2010-07-07T00:00:00.000","runtime":107,"genres":"Ciencia ficción, Acción, Suspense","votes":4451,"budget":40000000,"revenue":127200000,"language":"en","directors":"{'id': 41671, 'name': 'Nimród Antal'}","writers":"{'id': 113306, 'name': 'Alex Litvak', 'job': 'Writer'}, {'id': 113307, 'name': 'Michael Finch', 'job': 'Writer'}","lan-detected":null,"title-translated":"Depredadores"},{"id":466272,"title":"Había una vez en Hollywood","rating":7.424,"release_date":"2019-07-24T00:00:00.000","runtime":162,"genres":"Comedia, Drama, Suspense","votes":14399,"budget":95000000,"revenue":392105159,"language":"en","directors":"{'id': 138, 'name': 'Quentin Tarantino'}","writers":"{'id': 138, 'name': 'Quentin Tarantino', 'job': 'Screenplay'}","lan-detected":null,"title-translated":"Había una vez en Hollywood"},{"id":787699,"title":"Wonka","rating":7.049,"release_date":"2023-12-06T00:00:00.000","runtime":112,"genres":"Comedia, Familia, Fantasía","votes":4195,"budget":125000000,"revenue":634502312,"language":"en","directors":"{'id': 101666, 'name': 'Paul King'}","writers":"{'id': 114253, 'name': 'Simon Farnaby', 'job': 'Screenplay'}, {'id': 101666, 'name': 'Paul King', 'job': 'Screenplay'}, {'id': 101666, 'name': 'Paul King', 'job': 'Story'}","lan-detected":null,"title-translated":"Wonka"},{"id":530385,"title":"Midsommar: el terror no espera la noche","rating":7.153,"release_date":"2019-07-03T00:00:00.000","runtime":148,"genres":"Terror, Drama, Misterio","votes":7796,"budget":9000000,"revenue":48498408,"language":"en","directors":"{'id': 1145520, 'name': 'Ari Aster'}","writers":"{'id': 1145520, 'name': 'Ari Aster', 'job': 'Writer'}","lan-detected":null,"title-translated":"Midsommar: el terror no espera la noche"},{"id":140607,"title":"Star Wars: El despertar de la fuerza","rating":7.254,"release_date":"2015-12-15T00:00:00.000","runtime":136,"genres":"Aventura, Acción, Ciencia ficción","votes":20178,"budget":245000000,"revenue":2068223624,"language":"en","directors":"{'id': 15344, 'name': 'J.J. Abrams'}","writers":"{'id': 16961, 'name': 'Michael Arndt', 'job': 'Writer'}, {'id': 8844, 'name': 'Lawrence Kasdan', 'job': 'Writer'}, {'id': 15344, 'name': 'J.J. Abrams', 'job': 'Writer'}","lan-detected":null,"title-translated":"Star Wars: El despertar de la fuerza"},{"id":168259,"title":"Rápidos y Furiosos 7","rating":7.221,"release_date":"2015-04-01T00:00:00.000","runtime":137,"genres":"Acción, Crimen, Suspense","votes":11072,"budget":190000000,"revenue":1515400000,"language":"en","directors":"{'id': 2127, 'name': 'James Wan'}","writers":"{'id': 58191, 'name': 'Chris Morgan', 'job': 'Writer'}","lan-detected":null,"title-translated":"Rápidos y Furiosos 7"},{"id":10193,"title":"Toy Story 3","rating":7.805,"release_date":"2010-06-16T00:00:00.000","runtime":103,"genres":"Animación, Familia, Comedia","votes":15364,"budget":200000000,"revenue":1067316101,"language":"en","directors":"{'id': 8, 'name': 'Lee Unkrich'}","writers":"{'id': 16961, 'name': 'Michael Arndt', 'job': 'Screenplay'}, {'id': 7879, 'name': 'John Lasseter', 'job': 'Story'}, {'id': 8, 'name': 'Lee Unkrich', 'job': 'Story'}, {'id': 7, 'name': 'Andrew Stanton', 'job': 'Story'}","lan-detected":null,"title-translated":"Toy Story 3"},{"id":102382,"title":"El Sorprendente Hombre-Araña 2: La Amenaza de Electro","rating":6.524,"release_date":"2014-04-16T00:00:00.000","runtime":142,"genres":"Acción, Aventura, Ciencia ficción","votes":13908,"budget":200000000,"revenue":708962323,"language":"en","directors":"{'id': 87742, 'name': 'Marc Webb'}","writers":"{'id': 15345, 'name': 'Alex Kurtzman', 'job': 'Screenplay'}, {'id': 168309, 'name': 'Jeff Pinkner', 'job': 'Screenplay'}, {'id': 15346, 'name': 'Roberto Orci', 'job': 'Screenplay'}, {'id': 20204, 'name': 'James Vanderbilt', 'job': 'Story'}, {'id': 15346, 'name': 'Roberto Orci', 'job': 'Story'}, {'id': 168309, 'name': 'Jeff Pinkner', 'job': 'Story'}, {'id': 15345, 'name': 'Alex Kurtzman', 'job': 'Story'}","lan-detected":null,"title-translated":"El Sorprendente Hombre-Araña 2: La Amenaza de Electro"},{"id":181808,"title":"Star Wars: Los últimos Jedi","rating":6.763,"release_date":"2017-12-13T00:00:00.000","runtime":150,"genres":"Aventura, Acción, Ciencia ficción","votes":15999,"budget":300000000,"revenue":1332698830,"language":"en","directors":"{'id': 67367, 'name': 'Rian Johnson'}","writers":"{'id': 67367, 'name': 'Rian Johnson', 'job': 'Writer'}","lan-detected":null,"title-translated":"Star Wars: Los últimos Jedi"},{"id":49049,"title":"Dredd","rating":6.854,"release_date":"2012-09-07T00:00:00.000","runtime":96,"genres":"Acción, Ciencia ficción","votes":5370,"budget":50000000,"revenue":41037742,"language":"en","directors":"{'id': 43141, 'name': 'Pete Travis'}","writers":"{'id': 2036, 'name': 'Alex Garland', 'job': 'Screenplay'}","lan-detected":null,"title-translated":"Dredd"},{"id":84892,"title":"Las ventajas de ser invisible","rating":7.802,"release_date":"2012-09-20T00:00:00.000","runtime":103,"genres":"Drama","votes":10950,"budget":13000000,"revenue":33384127,"language":"en","directors":"{'id': 19311, 'name': 'Stephen Chbosky'}","writers":"{'id': 19311, 'name': 'Stephen Chbosky', 'job': 'Screenplay'}","lan-detected":null,"title-translated":"Las ventajas de ser invisible"},{"id":284053,"title":"Thor: Ragnarok","rating":7.583,"release_date":"2017-10-02T00:00:00.000","runtime":131,"genres":"Acción, Aventura, Ciencia ficción, Comedia","votes":21616,"budget":180000000,"revenue":855301806,"language":"en","directors":"{'id': 55934, 'name': 'Taika Waititi'}","writers":"{'id': 87173, 'name': 'Craig Kyle', 'job': 'Writer'}, {'id': 109542, 'name': 'Christopher L. Yost', 'job': 'Writer'}, {'id': 579281, 'name': 'Eric Pearson', 'job': 'Writer'}","lan-detected":null,"title-translated":"Thor: Ragnarok"},{"id":11706,"title":"La guerra y la paz","rating":6.7,"release_date":"1956-08-21T00:00:00.000","runtime":208,"genres":"Bélica, Romance, Drama, Historia","votes":256,"budget":5000000,"revenue":12000000,"language":"en","directors":"{'id': 29962, 'name': 'King Vidor'}","writers":"{'id': 25798, 'name': 'Ivo Perilli', 'job': 'Screenplay'}, {'id': 25316, 'name': 'Ennio De Concini', 'job': 'Screenplay'}, {'id': 70299, 'name': 'Gian Gaspare Napolitano', 'job': 'Screenplay'}, {'id': 70298, 'name': 'Mario Camerini', 'job': 'Screenplay'}, {'id': 70300, 'name': 'Mario Soldati', 'job': 'Screenplay'}, {'id': 120925, 'name': 'Robert Westerby', 'job': 'Screenplay'}, {'id': 70296, 'name': 'Bridget Boland', 'job': 'Screenplay'}, {'id': 29962, 'name': 'King Vidor', 'job': 'Screenplay'}","lan-detected":null,"title-translated":"La guerra y la paz"},{"id":9387,"title":"Conan, el bárbaro","rating":6.8,"release_date":"1982-03-16T00:00:00.000","runtime":130,"genres":"Aventura, Fantasía, Acción","votes":2693,"budget":20000000,"revenue":68851475,"language":"en","directors":"{'id': 8328, 'name': 'John Milius'}","writers":"{'id': 8328, 'name': 'John Milius', 'job': 'Screenplay'}, {'id': 1152, 'name': 'Oliver Stone', 'job': 'Screenplay'}, {'id': 568117, 'name': 'Edward Summer', 'job': 'Story'}","lan-detected":null,"title-translated":"Conan, el bárbaro"},{"id":1226578,"title":"Longlegs: Coleccionista de almas","rating":6.544,"release_date":"2024-07-10T00:00:00.000","runtime":101,"genres":"Crimen, Terror, Suspense","votes":2402,"budget":10000000,"revenue":127961936,"language":"en","directors":"{'id': 90609, 'name': 'Osgood Perkins'}","writers":"{'id': 90609, 'name': 'Osgood Perkins', 'job': 'Writer'}","lan-detected":null,"title-translated":"Longlegs: Coleccionista de almas"},{"id":35,"title":"Los Simpson: La película","rating":7.016,"release_date":"2007-07-25T00:00:00.000","runtime":86,"genres":"Animación, Comedia, Familia","votes":8368,"budget":75000000,"revenue":527068851,"language":"en","directors":"{'id': 197, 'name': 'David Silverman'}","writers":"{'id': 162931, 'name': 'Al Jean', 'job': 'Screenplay'}, {'id': 58178, 'name': 'David Mirkin', 'job': 'Screenplay'}, {'id': 3388, 'name': 'James L. Brooks', 'job': 'Screenplay'}, {'id': 165843, 'name': 'Matt Selman', 'job': 'Screenplay'}, {'id': 7088, 'name': 'Sam Simon', 'job': 'Screenplay'}, {'id': 165810, 'name': 'Mike Scully', 'job': 'Screenplay'}, {'id': 239, 'name': 'Jon Vitti', 'job': 'Screenplay'}, {'id': 6056, 'name': 'Mike Reiss', 'job': 'Screenplay'}, {'id': 5741, 'name': 'Matt Groening', 'job': 'Screenplay'}, {'id': 1216632, 'name': 'Ian Maxtone-Graham', 'job': 'Screenplay'}, {'id': 963556, 'name': 'John Swartzwelder', 'job': 'Screenplay'}, {'id': 1216631, 'name': 'George Meyer', 'job': 'Screenplay'}","lan-detected":null,"title-translated":"Los Simpson: La película"},{"id":508442,"title":"Soul","rating":8.1,"release_date":"2020-12-25T00:00:00.000","runtime":100,"genres":"Animación, Familia, Comedia, Fantasía, Drama, Música","votes":11099,"budget":150000000,"revenue":121977511,"language":"en","directors":"{'id': 12890, 'name': 'Pete Docter'}","writers":"{'id': 12890, 'name': 'Pete Docter', 'job': 'Screenplay'}, {'id': 2808625, 'name': 'Mike Jones', 'job': 'Screenplay'}, {'id': 2451598, 'name': 'Kemp Powers', 'job': 'Story'}, {'id': 12890, 'name': 'Pete Docter', 'job': 'Story'}, {'id': 2451598, 'name': 'Kemp Powers', 'job': 'Screenplay'}, {'id': 2808625, 'name': 'Mike Jones', 'job': 'Story'}","lan-detected":null,"title-translated":"Soul"},{"id":572802,"title":"Aquaman y el reino perdido","rating":6.562,"release_date":"2023-12-20T00:00:00.000","runtime":124,"genres":"Acción, Aventura, Fantasía","votes":3328,"budget":205000000,"revenue":440181226,"language":"en","directors":"{'id': 2127, 'name': 'James Wan'}","writers":"{'id': 2127, 'name': 'James Wan', 'job': 'Story'}, {'id': 142686, 'name': 'David Leslie Johnson-McGoldrick', 'job': 'Story'}, {'id': 117642, 'name': 'Jason Momoa', 'job': 'Story'}, {'id': 1826391, 'name': \"Thomas Pa'a Sibbett\", 'job': 'Story'}, {'id': 142686, 'name': 'David Leslie Johnson-McGoldrick', 'job': 'Screenplay'}","lan-detected":null,"title-translated":"Aquaman y el reino perdido"},{"id":298618,"title":"Flash","rating":6.622,"release_date":"2023-06-13T00:00:00.000","runtime":144,"genres":"Acción, Ciencia ficción, Aventura","votes":4817,"budget":220000000,"revenue":271333313,"language":"en","directors":"{'id': 1113116, 'name': 'Andy Muschietti'}","writers":"{'id': 1448221, 'name': 'Christina Hodson', 'job': 'Screenplay'}","lan-detected":null,"title-translated":"Flash"},{"id":8195,"title":"Ronin","rating":6.957,"release_date":"1998-09-25T00:00:00.000","runtime":122,"genres":"Acción, Suspense, Crimen","votes":2553,"budget":55000000,"revenue":70692101,"language":"en","directors":"{'id': 13776, 'name': 'John Frankenheimer'}","writers":"{'id': 1255, 'name': 'David Mamet', 'job': 'Screenplay'}, {'id': 108846, 'name': 'J.D. Zeik', 'job': 'Story'}, {'id': 108846, 'name': 'J.D. Zeik', 'job': 'Screenplay'}","lan-detected":null,"title-translated":"Ronin"},{"id":50620,"title":"Crepúsculo:  Amanecer - Parte 2","rating":6.461,"release_date":"2012-11-13T00:00:00.000","runtime":115,"genres":"Aventura, Fantasía, Drama, Romance","votes":9237,"budget":120000000,"revenue":829747654,"language":"en","directors":"{'id': 15557, 'name': 'Bill Condon'}","writers":"{'id': 56855, 'name': 'Melissa Rosenberg', 'job': 'Screenplay'}","lan-detected":null,"title-translated":"Crepúsculo:  Amanecer - Parte 2"},{"id":616037,"title":"Thor: Amor y Trueno","rating":6.385,"release_date":"2022-07-06T00:00:00.000","runtime":119,"genres":"Fantasía, Acción, Comedia","votes":8287,"budget":250000000,"revenue":760900000,"language":"en","directors":"{'id': 55934, 'name': 'Taika Waititi'}","writers":"{'id': 55934, 'name': 'Taika Waititi', 'job': 'Writer'}, {'id': 1721377, 'name': 'Jennifer Kaytin Robinson', 'job': 'Writer'}","lan-detected":null,"title-translated":"Thor: Amor y Trueno"},{"id":787,"title":"Sr. y Sra. Smith","rating":6.689,"release_date":"2005-06-07T00:00:00.000","runtime":120,"genres":"Acción, Comedia, Drama, Suspense","votes":10955,"budget":110000000,"revenue":487287646,"language":"en","directors":"{'id': 11694, 'name': 'Doug Liman'}","writers":"{'id': 11092, 'name': 'Simon Kinberg', 'job': 'Screenplay'}","lan-detected":null,"title-translated":"Sr. y Sra. Smith"},{"id":4413,"title":"Valiente","rating":6.598,"release_date":"2007-09-12T00:00:00.000","runtime":122,"genres":"Crimen, Drama, Suspense","votes":1026,"budget":70000000,"revenue":69766619,"language":"en","directors":"{'id': 17016, 'name': 'Neil Jordan'}","writers":"{'id': 37159, 'name': 'Roderick Taylor', 'job': 'Screenplay'}, {'id': 37160, 'name': 'Bruce A. Taylor', 'job': 'Screenplay'}, {'id': 37161, 'name': 'Cynthia Mort', 'job': 'Screenplay'}, {'id': 37159, 'name': 'Roderick Taylor', 'job': 'Story'}, {'id': 37160, 'name': 'Bruce A. Taylor', 'job': 'Story'}","lan-detected":null,"title-translated":"Valiente"},{"id":207,"title":"La Sociedad de los Poetas Muertos","rating":8.302,"release_date":"1989-06-02T00:00:00.000","runtime":124,"genres":"Drama","votes":12146,"budget":16400000,"revenue":235860116,"language":"en","directors":"{'id': 2690, 'name': 'Peter Weir'}","writers":"{'id': 2691, 'name': 'Tom Schulman', 'job': 'Writer'}","lan-detected":null,"title-translated":"La Sociedad de los Poetas Muertos"},{"id":800158,"title":"El asesino","rating":6.58,"release_date":"2023-10-25T00:00:00.000","runtime":119,"genres":"Crimen, Suspense","votes":2627,"budget":175000000,"revenue":362113,"language":"en","directors":"{'id': 7467, 'name': 'David Fincher'}","writers":"{'id': 12047, 'name': 'Andrew Kevin Walker', 'job': 'Screenplay'}","lan-detected":null,"title-translated":"El asesino"},{"id":127585,"title":"X-Men: Días del futuro pasado","rating":7.528,"release_date":"2014-05-15T00:00:00.000","runtime":131,"genres":"Acción, Aventura, Ciencia ficción","votes":15949,"budget":250000000,"revenue":746045700,"language":"en","directors":"{'id': 9032, 'name': 'Bryan Singer'}","writers":"{'id': 11092, 'name': 'Simon Kinberg', 'job': 'Screenplay'}, {'id': 957, 'name': 'Matthew Vaughn', 'job': 'Story'}, {'id': 11092, 'name': 'Simon Kinberg', 'job': 'Story'}, {'id': 23447, 'name': 'Jane Goldman', 'job': 'Story'}","lan-detected":null,"title-translated":"X-Men: Días del futuro pasado"},{"id":351286,"title":"Jurassic World 2: El Reino Caído","rating":6.536,"release_date":"2018-06-06T00:00:00.000","runtime":128,"genres":"Acción, Aventura, Ciencia ficción, Suspense","votes":12467,"budget":170000000,"revenue":1310469037,"language":"en","directors":"{'id': 51894, 'name': 'J.A. Bayona'}","writers":"{'id': 1020013, 'name': 'Derek Connolly', 'job': 'Writer'}, {'id': 930707, 'name': 'Colin Trevorrow', 'job': 'Writer'}","lan-detected":null,"title-translated":"Jurassic World 2: El Reino Caído"},{"id":1422,"title":"Los Infiltrados","rating":8.159,"release_date":"2006-10-04T00:00:00.000","runtime":151,"genres":"Drama, Suspense, Crimen","votes":15753,"budget":90000000,"revenue":291465000,"language":"en","directors":"{'id': 1032, 'name': 'Martin Scorsese'}","writers":"{'id': 34510, 'name': 'William Monahan', 'job': 'Screenplay'}","lan-detected":null,"title-translated":"Los Infiltrados"},{"id":49013,"title":"Cars 2","rating":6.169,"release_date":"2011-06-11T00:00:00.000","runtime":106,"genres":"Animación, Familia, Aventura, Comedia","votes":8278,"budget":200000000,"revenue":559852396,"language":"en","directors":"{'id': 7879, 'name': 'John Lasseter'}","writers":"{'id': 129975, 'name': 'Ben Queen', 'job': 'Screenplay'}","lan-detected":null,"title-translated":"Cars 2"},{"id":937278,"title":"Un Vecino Gruñón","rating":7.752,"release_date":"2022-12-28T00:00:00.000","runtime":126,"genres":"Comedia, Drama","votes":3394,"budget":50000000,"revenue":108961677,"language":"en","directors":"{'id': 12995, 'name': 'Marc Forster'}","writers":"{'id': 12996, 'name': 'David Magee', 'job': 'Screenplay'}","lan-detected":null,"title-translated":"Un Vecino Gruñón"},{"id":985939,"title":"Vértigo","rating":7.111,"release_date":"2022-08-11T00:00:00.000","runtime":107,"genres":"Suspense","votes":4362,"budget":3000000,"revenue":17363261,"language":"en","directors":"{'id': 90812, 'name': 'Scott Mann'}","writers":"{'id': 232626, 'name': 'Jonathan Frank', 'job': 'Writer'}, {'id': 90812, 'name': 'Scott Mann', 'job': 'Writer'}","lan-detected":null,"title-translated":"Vértigo"},{"id":324552,"title":"John Wick 2: Un Nuevo Día para Matar","rating":7.339,"release_date":"2017-02-08T00:00:00.000","runtime":122,"genres":"Acción, Suspense, Crimen","votes":13876,"budget":40000000,"revenue":171539887,"language":"en","directors":"{'id': 40644, 'name': 'Chad Stahelski'}","writers":"{'id': 1076800, 'name': 'Derek Kolstad', 'job': 'Writer'}","lan-detected":null,"title-translated":"John Wick 2: Un Nuevo Día para Matar"},{"id":5255,"title":"El expreso polar","rating":6.723,"release_date":"2004-11-10T00:00:00.000","runtime":97,"genres":"Animación, Aventura, Familia, Fantasía","votes":6742,"budget":165000000,"revenue":318432432,"language":"en","directors":"{'id': 24, 'name': 'Robert Zemeckis'}","writers":"{'id': 24, 'name': 'Robert Zemeckis', 'job': 'Screenplay'}, {'id': 142, 'name': 'William Broyles Jr.', 'job': 'Screenplay'}","lan-detected":null,"title-translated":"El expreso polar"},{"id":1195506,"title":"Novocaine sin dolor","rating":6.835,"release_date":"2025-03-12T00:00:00.000","runtime":110,"genres":"Acción, Comedia, Suspense","votes":1372,"budget":18000000,"revenue":34536061,"language":"en","directors":"{'id': 1361389, 'name': 'Dan Berk'}, {'id': 1283526, 'name': 'Robert Olsen'}","writers":"{'id': 544863, 'name': 'Lars Jacobson', 'job': 'Writer'}","lan-detected":null,"title-translated":"Novocaine sin dolor"},{"id":254,"title":"King Kong","rating":6.9,"release_date":"2005-12-12T00:00:00.000","runtime":188,"genres":"Aventura, Drama, Acción","votes":8297,"budget":207000000,"revenue":562363449,"language":"en","directors":"{'id': 108, 'name': 'Peter Jackson'}","writers":"{'id': 108, 'name': 'Peter Jackson', 'job': 'Writer'}, {'id': 126, 'name': 'Fran Walsh', 'job': 'Writer'}, {'id': 128, 'name': 'Philippa Boyens', 'job': 'Writer'}","lan-detected":null,"title-translated":"King Kong"},{"id":110415,"title":"El expreso del miedo","rating":6.909,"release_date":"2013-08-01T00:00:00.000","runtime":126,"genres":"Acción, Ciencia ficción, Drama","votes":10140,"budget":39200000,"revenue":86758912,"language":"ko","directors":"{'id': 21684, 'name': 'Bong Joon Ho'}","writers":"{'id': 21684, 'name': 'Bong Joon Ho', 'job': 'Screenplay'}, {'id': 53455, 'name': 'Kelly Masterson', 'job': 'Screenplay'}","lan-detected":null,"title-translated":"El expreso del miedo"},{"id":385128,"title":"Rápidos y furiosos 9","rating":7.023,"release_date":"2021-05-19T00:00:00.000","runtime":143,"genres":"Acción, Aventura, Crimen","votes":7556,"budget":200000000,"revenue":726229501,"language":"en","directors":"{'id': 58189, 'name': 'Justin Lin'}","writers":"{'id': 2131215, 'name': 'Alfredo Botello', 'job': 'Story'}, {'id': 58189, 'name': 'Justin Lin', 'job': 'Screenplay'}, {'id': 58189, 'name': 'Justin Lin', 'job': 'Story'}, {'id': 1376477, 'name': 'Daniel Casey', 'job': 'Story'}, {'id': 1376477, 'name': 'Daniel Casey', 'job': 'Screenplay'}","lan-detected":null,"title-translated":"Rápidos y furiosos 9"},{"id":166426,"title":"Piratas del Caribe 5: La Venganza de Salazar","rating":6.655,"release_date":"2017-05-23T00:00:00.000","runtime":129,"genres":"Aventura, Acción, Fantasía","votes":12545,"budget":230000000,"revenue":795922298,"language":"en","directors":"{'id': 20307, 'name': 'Joachim Rønning'}, {'id': 20308, 'name': 'Espen Sandberg'}","writers":"{'id': 2689, 'name': 'Jeff Nathanson', 'job': 'Screenplay'}, {'id': 2689, 'name': 'Jeff Nathanson', 'job': 'Story'}, {'id': 1706, 'name': 'Terry Rossio', 'job': 'Story'}","lan-detected":null,"title-translated":"Piratas del Caribe 5: La Venganza de Salazar"},{"id":1366,"title":"Rocky","rating":7.791,"release_date":"1976-11-20T00:00:00.000","runtime":120,"genres":"Drama","votes":8367,"budget":1000000,"revenue":117253345,"language":"en","directors":"{'id': 16513, 'name': 'John G. Avildsen'}","writers":"{'id': 16483, 'name': 'Sylvester Stallone', 'job': 'Screenplay'}","lan-detected":null,"title-translated":"Rocky"},{"id":242582,"title":"Primicia mortal","rating":7.708,"release_date":"2014-10-23T00:00:00.000","runtime":113,"genres":"Crimen, Drama, Suspense","votes":11400,"budget":8500000,"revenue":47425835,"language":"en","directors":"{'id': 57113, 'name': 'Dan Gilroy'}","writers":"{'id': 57113, 'name': 'Dan Gilroy', 'job': 'Writer'}","lan-detected":null,"title-translated":"Primicia mortal"},{"id":1153714,"title":"La muerte de un unicornio","rating":6.4,"release_date":"2025-03-27T00:00:00.000","runtime":104,"genres":"Terror, Fantasía, Comedia","votes":676,"budget":15000000,"revenue":16413285,"language":"en","directors":"{'id': 1292106, 'name': 'Alex Scharfman'}","writers":"{'id': 1292106, 'name': 'Alex Scharfman', 'job': 'Writer'}","lan-detected":null,"title-translated":"La muerte de un unicornio"},{"id":1205515,"title":"Lo siento, bebé","rating":6.9,"release_date":"2025-06-27T00:00:00.000","runtime":103,"genres":"Drama, Comedia","votes":178,"budget":1500000,"revenue":2279895,"language":"en","directors":"{'id': 2425998, 'name': 'Eva Victor'}","writers":"{'id': 2425998, 'name': 'Eva Victor', 'job': 'Writer'}","lan-detected":null,"title-translated":"Lo siento, bebé"},{"id":205596,"title":"El código enigma","rating":8.0,"release_date":"2014-11-14T00:00:00.000","runtime":114,"genres":"Historia, Drama, Suspense, Bélica","votes":17721,"budget":14000000,"revenue":233555708,"language":"en","directors":"{'id': 77965, 'name': 'Morten Tyldum'}","writers":"{'id': 221850, 'name': 'Graham Moore', 'job': 'Screenplay'}","lan-detected":null,"title-translated":"El código enigma"},{"id":72190,"title":"Guerra mundial Z","rating":6.824,"release_date":"2013-06-19T00:00:00.000","runtime":116,"genres":"Acción, Terror, Ciencia ficción, Suspense","votes":16144,"budget":200000000,"revenue":531865000,"language":"en","directors":"{'id': 12995, 'name': 'Marc Forster'}","writers":"{'id': 47506, 'name': 'Drew Goddard', 'job': 'Screenplay'}, {'id': 28974, 'name': 'Damon Lindelof', 'job': 'Screenplay'}, {'id': 36603, 'name': 'Matthew Michael Carnahan', 'job': 'Screenplay'}","lan-detected":null,"title-translated":"Guerra mundial Z"},{"id":313369,"title":"La La Land: Una historia de amor","rating":7.897,"release_date":"2016-12-01T00:00:00.000","runtime":128,"genres":"Comedia, Drama, Romance","votes":17720,"budget":30000000,"revenue":509183536,"language":"en","directors":"{'id': 136495, 'name': 'Damien Chazelle'}","writers":"{'id': 136495, 'name': 'Damien Chazelle', 'job': 'Writer'}","lan-detected":null,"title-translated":"La La Land: Una historia de amor"},{"id":4247,"title":"Una película de miedo","rating":6.379,"release_date":"2000-07-07T00:00:00.000","runtime":88,"genres":"Comedia","votes":7446,"budget":19000000,"revenue":278022760,"language":"en","directors":"{'id': 35689, 'name': 'Keenen Ivory Wayans'}","writers":"{'id': 9562, 'name': 'Marlon Wayans', 'job': 'Screenplay'}, {'id': 35692, 'name': 'Buddy Johnson', 'job': 'Screenplay'}, {'id': 35690, 'name': 'Shawn Wayans', 'job': 'Screenplay'}, {'id': 35693, 'name': 'Phil Beauman', 'job': 'Screenplay'}, {'id': 35694, 'name': 'Jason Friedberg', 'job': 'Screenplay'}, {'id': 35734, 'name': 'Aaron Seltzer', 'job': 'Screenplay'}","lan-detected":null,"title-translated":"Una película de miedo"},{"id":550988,"title":"Free Guy: Tomando el Control","rating":7.459,"release_date":"2021-08-11T00:00:00.000","runtime":115,"genres":"Comedia, Aventura, Ciencia ficción","votes":9475,"budget":110000000,"revenue":331526598,"language":"en","directors":"{'id': 17825, 'name': 'Shawn Levy'}","writers":"{'id': 99363, 'name': 'Matt Lieberman', 'job': 'Screenplay'}, {'id': 99363, 'name': 'Matt Lieberman', 'job': 'Story'}, {'id': 11011, 'name': 'Zak Penn', 'job': 'Screenplay'}","lan-detected":null,"title-translated":"Free Guy: Tomando el Control"},{"id":1417,"title":"El laberinto del fauno","rating":7.757,"release_date":"2006-10-11T00:00:00.000","runtime":118,"genres":"Fantasía, Drama, Bélica","votes":11178,"budget":19000000,"revenue":83258226,"language":"es","directors":"{'id': 10828, 'name': 'Guillermo del Toro'}","writers":"{'id': 10828, 'name': 'Guillermo del Toro', 'job': 'Screenplay'}","lan-detected":null,"title-translated":"El laberinto del fauno"},{"id":10764,"title":"007: Quantum","rating":6.336,"release_date":"2008-10-29T00:00:00.000","runtime":107,"genres":"Aventura, Acción, Suspense, Crimen","votes":8291,"budget":200000000,"revenue":589593688,"language":"en","directors":"{'id': 12995, 'name': 'Marc Forster'}","writers":"{'id': 455, 'name': 'Paul Haggis', 'job': 'Screenplay'}, {'id': 10782, 'name': 'Neal Purvis', 'job': 'Screenplay'}, {'id': 10783, 'name': 'Robert Wade', 'job': 'Screenplay'}","lan-detected":null,"title-translated":"007: Quantum"},{"id":1111873,"title":"Abigail","rating":6.705,"release_date":"2024-04-16T00:00:00.000","runtime":109,"genres":"Terror, Suspense, Crimen","votes":1852,"budget":28000000,"revenue":43015969,"language":"en","directors":"{'id': 66681, 'name': 'Matt Bettinelli-Olpin'}, {'id': 1039527, 'name': 'Tyler Gillett'}","writers":"{'id': 1915033, 'name': 'Stephen Shields', 'job': 'Screenplay'}, {'id': 1915033, 'name': 'Stephen Shields', 'job': 'Story'}, {'id': 1661850, 'name': 'Guy Busick', 'job': 'Screenplay'}","lan-detected":null,"title-translated":"Abigail"},{"id":2280,"title":"Quisiera ser grande","rating":7.18,"release_date":"1988-06-03T00:00:00.000","runtime":104,"genres":"Fantasía, Drama, Comedia","votes":3880,"budget":18000000,"revenue":151927281,"language":"en","directors":"{'id': 14911, 'name': 'Penny Marshall'}","writers":"{'id': 23964, 'name': 'Gary Ross', 'job': 'Screenplay'}, {'id': 23965, 'name': 'Anne Spielberg', 'job': 'Screenplay'}","lan-detected":null,"title-translated":"Quisiera ser grande"},{"id":592695,"title":"Pleasure","rating":6.275,"release_date":"2021-10-08T00:00:00.000","runtime":107,"genres":"Drama","votes":743,"budget":1800000,"revenue":393824,"language":"sv","directors":"{'id': 1202063, 'name': 'Ninja Thyberg'}","writers":"{'id': 1202063, 'name': 'Ninja Thyberg', 'job': 'Screenplay'}","lan-detected":null,"title-translated":"Pleasure"},{"id":109418,"title":"Son Como Niños 2","rating":6.143,"release_date":"2013-07-11T00:00:00.000","runtime":101,"genres":"Comedia","votes":4549,"budget":80000000,"revenue":247022278,"language":"en","directors":"{'id': 17494, 'name': 'Dennis Dugan'}","writers":"{'id': 66563, 'name': 'Fred Wolf', 'job': 'Writer'}, {'id': 56728, 'name': 'Tim Herlihy', 'job': 'Writer'}, {'id': 19292, 'name': 'Adam Sandler', 'job': 'Writer'}","lan-detected":null,"title-translated":"Son Como Niños 2"},{"id":335983,"title":"Venom","rating":6.828,"release_date":"2018-09-28T00:00:00.000","runtime":112,"genres":"Ciencia ficción, Acción","votes":16925,"budget":116000000,"revenue":856085151,"language":"en","directors":"{'id': 91268, 'name': 'Ruben Fleischer'}","writers":"{'id': 168309, 'name': 'Jeff Pinkner', 'job': 'Screenplay'}, {'id': 3228, 'name': 'Scott Rosenberg', 'job': 'Screenplay'}, {'id': 940376, 'name': 'Kelly Marcel', 'job': 'Screenplay'}","lan-detected":null,"title-translated":"Venom"},{"id":7446,"title":"Una guerra de película","rating":6.701,"release_date":"2008-08-09T00:00:00.000","runtime":107,"genres":"Acción, Comedia, Aventura, Bélica","votes":6708,"budget":92000000,"revenue":195702811,"language":"en","directors":"{'id': 7399, 'name': 'Ben Stiller'}","writers":"{'id': 7399, 'name': 'Ben Stiller', 'job': 'Screenplay'}, {'id': 15009, 'name': 'Justin Theroux', 'job': 'Screenplay'}, {'id': 52803, 'name': 'Etan Cohen', 'job': 'Screenplay'}, {'id': 7399, 'name': 'Ben Stiller', 'job': 'Story'}, {'id': 15009, 'name': 'Justin Theroux', 'job': 'Story'}","lan-detected":null,"title-translated":"Una guerra de película"},{"id":746036,"title":"Profesión peligro","rating":6.974,"release_date":"2024-04-24T00:00:00.000","runtime":127,"genres":"Acción, Comedia, Romance","votes":3422,"budget":125000000,"revenue":181073291,"language":"en","directors":"{'id': 40684, 'name': 'David Leitch'}","writers":"{'id': 1239407, 'name': 'Drew Pearce', 'job': 'Writer'}","lan-detected":null,"title-translated":"Profesión peligro"},{"id":920,"title":"Cars","rating":7.017,"release_date":"2006-06-08T00:00:00.000","runtime":116,"genres":"Animación, Aventura, Comedia, Familia","votes":14776,"budget":120000000,"revenue":461983149,"language":"en","directors":"{'id': 7879, 'name': 'John Lasseter'}","writers":"{'id': 15892, 'name': 'Dan Fogelman', 'job': 'Screenplay'}, {'id': 7911, 'name': 'Joe Ranft', 'job': 'Screenplay'}, {'id': 958088, 'name': 'Jørgen Klubien', 'job': 'Screenplay'}, {'id': 1117780, 'name': 'Phil Lorin', 'job': 'Screenplay'}, {'id': 7879, 'name': 'John Lasseter', 'job': 'Screenplay'}, {'id': 1117779, 'name': 'Kiel Murray', 'job': 'Screenplay'}","lan-detected":null,"title-translated":"Cars"},{"id":1084736,"title":"El Conde de Montecristo","rating":7.939,"release_date":"2024-06-28T00:00:00.000","runtime":178,"genres":"Aventura, Acción, Drama","votes":1876,"budget":46000000,"revenue":75360860,"language":"fr","directors":"{'id': 58255, 'name': 'Alexandre de La Patellière'}, {'id': 57558, 'name': 'Matthieu Delaporte'}","writers":"{'id': 58255, 'name': 'Alexandre de La Patellière', 'job': 'Screenplay'}, {'id': 57558, 'name': 'Matthieu Delaporte', 'job': 'Screenplay'}","lan-detected":null,"title-translated":"El Conde de Montecristo"},{"id":1035048,"title":"Criaturas: Línea de extinción","rating":6.463,"release_date":"2024-11-07T00:00:00.000","runtime":91,"genres":"Acción, Ciencia ficción, Suspense","votes":857,"budget":18000000,"revenue":3300000,"language":"en","directors":"{'id': 1921, 'name': 'George Nolfi'}","writers":"{'id': 2200322, 'name': 'Kenny Ryan', 'job': 'Writer'}, {'id': 2200323, 'name': 'Jacob Roman', 'job': 'Writer'}, {'id': 75823, 'name': 'John Glenn', 'job': 'Writer'}","lan-detected":null,"title-translated":"Criaturas: Línea de extinción"},{"id":14161,"title":"2012","rating":5.863,"release_date":"2009-10-10T00:00:00.000","runtime":158,"genres":"Acción, Aventura, Ciencia ficción","votes":12454,"budget":200000000,"revenue":791217826,"language":"en","directors":"{'id': 6046, 'name': 'Roland Emmerich'}","writers":"{'id': 6046, 'name': 'Roland Emmerich', 'job': 'Writer'}, {'id': 5430, 'name': 'Harald Kloser', 'job': 'Writer'}","lan-detected":null,"title-translated":"2012"},{"id":1064028,"title":"Alice","rating":6.6,"release_date":"2024-08-15T00:00:00.000","runtime":105,"genres":"Ciencia ficción, Terror, Suspense","votes":915,"budget":4400000,"revenue":262793,"language":"en","directors":"{'id': 2263272, 'name': 'SK Dale'}","writers":"{'id': 1524504, 'name': 'Will Honley', 'job': 'Screenplay'}, {'id': 2567932, 'name': 'April Maguire', 'job': 'Screenplay'}","lan-detected":null,"title-translated":"Alice"},{"id":8355,"title":"La era de hielo 3","rating":6.763,"release_date":"2009-06-26T00:00:00.000","runtime":94,"genres":"Animación, Comedia, Familia, Aventura","votes":8690,"budget":90000000,"revenue":886686817,"language":"en","directors":"{'id': 5714, 'name': 'Carlos Saldanha'}","writers":"{'id': 5716, 'name': 'Michael Berg', 'job': 'Screenplay'}, {'id': 5717, 'name': 'Peter Ackerman', 'job': 'Screenplay'}, {'id': 1482747, 'name': 'Jason Carter Eaton', 'job': 'Story'}, {'id': 967321, 'name': 'Yoni Brenner', 'job': 'Screenplay'}, {'id': 6056, 'name': 'Mike Reiss', 'job': 'Screenplay'}","lan-detected":null,"title-translated":"La era de hielo 3"},{"id":383498,"title":"Deadpool 2","rating":7.489,"release_date":"2018-05-15T00:00:00.000","runtime":120,"genres":"Acción, Comedia, Aventura","votes":18825,"budget":110000000,"revenue":785896632,"language":"en","directors":"{'id': 40684, 'name': 'David Leitch'}","writers":"{'id': 91269, 'name': 'Paul Wernick', 'job': 'Writer'}, {'id': 7932, 'name': 'Rhett Reese', 'job': 'Writer'}, {'id': 10859, 'name': 'Ryan Reynolds', 'job': 'Writer'}","lan-detected":null,"title-translated":"Deadpool 2"},{"id":270303,"title":"Está Detrás De Ti","rating":6.588,"release_date":"2015-02-04T00:00:00.000","runtime":101,"genres":"Terror, Misterio","votes":6743,"budget":2300000,"revenue":23374076,"language":"en","directors":"{'id': 558929, 'name': 'David Robert Mitchell'}","writers":"{'id': 558929, 'name': 'David Robert Mitchell', 'job': 'Screenplay'}","lan-detected":null,"title-translated":"Está Detrás De Ti"},{"id":37135,"title":"Tarzán","rating":7.399,"release_date":"1999-06-17T00:00:00.000","runtime":88,"genres":"Familia, Aventura, Animación, Drama","votes":7138,"budget":130000000,"revenue":448200000,"language":"en","directors":"{'id': 15774, 'name': 'Chris Buck'}, {'id': 15775, 'name': 'Kevin Lima'}","writers":"{'id': 61950, 'name': 'Tab Murphy', 'job': 'Screenplay'}, {'id': 65599, 'name': 'Bob Tzudiker', 'job': 'Screenplay'}, {'id': 65600, 'name': 'Noni White', 'job': 'Screenplay'}, {'id': 56147, 'name': 'Paul Brizzi', 'job': 'Story'}, {'id': 16842, 'name': 'Stephen J. Anderson', 'job': 'Story'}, {'id': 61414, 'name': 'Mark Kennedy', 'job': 'Story'}, {'id': 591940, 'name': 'Carole Holliday', 'job': 'Story'}, {'id': 56146, 'name': 'Gaëtan Brizzi', 'job': 'Story'}, {'id': 1461362, 'name': 'Don Dougherty', 'job': 'Story'}, {'id': 1401075, 'name': 'Ed Gombert', 'job': 'Story'}, {'id': 1461395, 'name': 'Randy Haycock', 'job': 'Story'}, {'id': 227439, 'name': 'Don Hall', 'job': 'Story'}, {'id': 1083425, 'name': 'Kevin Harkey', 'job': 'Story'}, {'id': 139474, 'name': 'Glen Keane', 'job': 'Story'}, {'id': 61677, 'name': 'Burny Mattinson', 'job': 'Story'}, {'id': 73161, 'name': 'Frank Nissen', 'job': 'Story'}, {'id': 933298, 'name': 'John Norton', 'job': 'Story'}, {'id': 1678634, 'name': 'Jeff Snow', 'job': 'Story'}, {'id': 1563747, 'name': 'Mike Surrey', 'job': 'Story'}, {'id': 7970, 'name': 'Chris Ure', 'job': 'Story'}, {'id': 61423, 'name': 'Mark Walton', 'job': 'Story'}, {'id': 137195, 'name': 'Stevie Wermers-Skelton', 'job': 'Story'}, {'id': 2901718, 'name': 'Kelly Wightman', 'job': 'Story'}, {'id': 2901720, 'name': 'John Ramirez', 'job': 'Story'}","lan-detected":null,"title-translated":"Tarzán"},{"id":539,"title":"Psicosis","rating":8.42,"release_date":"1960-06-22T00:00:00.000","runtime":109,"genres":"Terror, Suspense, Misterio","votes":10701,"budget":806947,"revenue":50048065,"language":"en","directors":"{'id': 2636, 'name': 'Alfred Hitchcock'}","writers":"{'id': 7300, 'name': 'Joseph Stefano', 'job': 'Screenplay'}","lan-detected":null,"title-translated":"Psicosis"},{"id":6977,"title":"Sin lugar para los débiles","rating":7.948,"release_date":"2007-11-09T00:00:00.000","runtime":122,"genres":"Crimen, Suspense, Western","votes":12886,"budget":25000000,"revenue":171627166,"language":"en","directors":"{'id': 1223, 'name': 'Joel Coen'}, {'id': 1224, 'name': 'Ethan Coen'}","writers":"{'id': 1223, 'name': 'Joel Coen', 'job': 'Screenplay'}, {'id': 1224, 'name': 'Ethan Coen', 'job': 'Screenplay'}","lan-detected":null,"title-translated":"Sin lugar para los débiles"},{"id":419430,"title":"¡Huye!","rating":7.621,"release_date":"2017-02-24T00:00:00.000","runtime":104,"genres":"Misterio, Suspense, Terror","votes":18404,"budget":4500000,"revenue":255407969,"language":"en","directors":"{'id': 291263, 'name': 'Jordan Peele'}","writers":"{'id': 291263, 'name': 'Jordan Peele', 'job': 'Writer'}","lan-detected":null,"title-translated":"¡Huye!"},{"id":1645,"title":"Tiempo de Matar","rating":7.385,"release_date":"1996-07-24T00:00:00.000","runtime":149,"genres":"Crimen, Drama, Suspense","votes":2809,"budget":40000000,"revenue":152266007,"language":"en","directors":"{'id': 5572, 'name': 'Joel Schumacher'}","writers":"{'id': 5575, 'name': 'Akiva Goldsman', 'job': 'Screenplay'}","lan-detected":null,"title-translated":"Tiempo de Matar"},{"id":9737,"title":"Dos Policías Rebeldes","rating":6.826,"release_date":"1995-04-07T00:00:00.000","runtime":119,"genres":"Acción, Comedia, Crimen, Suspense","votes":6746,"budget":19000000,"revenue":141407024,"language":"en","directors":"{'id': 865, 'name': 'Michael Bay'}","writers":"{'id': 44991, 'name': 'Michael Barrie', 'job': 'Screenplay'}, {'id': 44992, 'name': 'Jim Mulholland', 'job': 'Screenplay'}, {'id': 20840, 'name': 'Doug Richardson', 'job': 'Screenplay'}, {'id': 21792, 'name': 'George Gallo', 'job': 'Story'}","lan-detected":null,"title-translated":"Dos Policías Rebeldes"},{"id":273481,"title":"Sicario: Tierra de nadie","rating":7.415,"release_date":"2015-09-17T00:00:00.000","runtime":121,"genres":"Acción, Crimen, Suspense","votes":9252,"budget":30000000,"revenue":84997446,"language":"en","directors":"{'id': 137427, 'name': 'Denis Villeneuve'}","writers":"{'id': 1215399, 'name': 'Taylor Sheridan', 'job': 'Writer'}","lan-detected":null,"title-translated":"Sicario: Tierra de nadie"},{"id":512200,"title":"Jumanji: El siguiente nivel","rating":6.881,"release_date":"2019-12-04T00:00:00.000","runtime":123,"genres":"Aventura, Comedia, Fantasía","votes":9140,"budget":125000000,"revenue":801693929,"language":"en","directors":"{'id': 51851, 'name': 'Jake Kasdan'}","writers":"{'id': 168309, 'name': 'Jeff Pinkner', 'job': 'Writer'}, {'id': 3228, 'name': 'Scott Rosenberg', 'job': 'Writer'}, {'id': 51851, 'name': 'Jake Kasdan', 'job': 'Writer'}","lan-detected":null,"title-translated":"Jumanji: El siguiente nivel"},{"id":1374686,"title":"Jesús, luz del mundo","rating":8.237,"release_date":"2025-09-04T00:00:00.000","runtime":84,"genres":"Animación, Fantasía, Drama, Música","votes":19,"budget":20000000,"revenue":2595702,"language":"en","directors":"{'id': 1547220, 'name': 'Tom Bancroft'}, {'id': 5013133, 'name': 'John J. Schafer'}","writers":"{'id': 5311415, 'name': 'David M. Armstrong', 'job': 'Writer'}, {'id': 5311417, 'name': 'Drew Barton Armstrong', 'job': 'Writer'}, {'id': 2867754, 'name': 'Jason Heaton', 'job': 'Writer'}, {'id': 5311419, 'name': 'Brennan McPherson', 'job': 'Writer'}","lan-detected":null,"title-translated":"Jesús, luz del mundo"},{"id":166428,"title":"Cómo Entrenar A Tu Dragón 3","rating":7.75,"release_date":"2019-01-03T00:00:00.000","runtime":104,"genres":"Animación, Familia, Aventura","votes":6903,"budget":129000000,"revenue":539987993,"language":"en","directors":"{'id': 69797, 'name': 'Dean DeBlois'}","writers":"{'id': 69797, 'name': 'Dean DeBlois', 'job': 'Writer'}","lan-detected":null,"title-translated":"Cómo Entrenar A Tu Dragón 3"},{"id":345,"title":"Ojos bien cerrados","rating":7.484,"release_date":"1999-07-16T00:00:00.000","runtime":159,"genres":"Drama, Suspense, Misterio","votes":6739,"budget":65000000,"revenue":162100000,"language":"en","directors":"{'id': 240, 'name': 'Stanley Kubrick'}","writers":"{'id': 240, 'name': 'Stanley Kubrick', 'job': 'Screenplay'}, {'id': 5014, 'name': 'Frederic Raphael', 'job': 'Screenplay'}","lan-detected":null,"title-translated":"Ojos bien cerrados"},{"id":512195,"title":"Alerta roja","rating":6.749,"release_date":"2021-11-04T00:00:00.000","runtime":117,"genres":"Acción, Comedia, Crimen","votes":6229,"budget":160000000,"revenue":178143,"language":"en","directors":"{'id': 57633, 'name': 'Rawson Marshall Thurber'}","writers":"{'id': 57633, 'name': 'Rawson Marshall Thurber', 'job': 'Writer'}","lan-detected":null,"title-translated":"Alerta roja"},{"id":1342341,"title":"Kaptein Sabeltann og Grevinnen av Gral","rating":7.0,"release_date":"2025-02-07T00:00:00.000","runtime":77,"genres":"Animación, Familia, Aventura","votes":6,"budget":3700000,"revenue":2225596,"language":"no","directors":"{'id': 81397, 'name': 'Rasmus A. Sivertsen'}, {'id': 2305441, 'name': 'Yaprak Morali'}, {'id': 2574920, 'name': 'Are Austnes'}","writers":"{'id': 81398, 'name': 'Karsten Fullu', 'job': 'Writer'}, {'id': 2491497, 'name': 'Mina Juni Stenebråten', 'job': 'Writer'}, {'id': 1513839, 'name': 'Rune Spaans', 'job': 'Writer'}, {'id': 2305441, 'name': 'Yaprak Morali', 'job': 'Writer'}, {'id': 2574920, 'name': 'Are Austnes', 'job': 'Writer'}","lan-detected":null,"title-translated":"Kaptein Sabeltann og Grevinnen av Gral"},{"id":284054,"title":"Pantera Negra","rating":7.365,"release_date":"2018-02-13T00:00:00.000","runtime":134,"genres":"Acción, Aventura, Ciencia ficción","votes":23052,"budget":200000000,"revenue":1349926083,"language":"en","directors":"{'id': 1056121, 'name': 'Ryan Coogler'}","writers":"{'id': 1056121, 'name': 'Ryan Coogler', 'job': 'Writer'}, {'id': 1151834, 'name': 'Joe Robert Cole', 'job': 'Writer'}","lan-detected":null,"title-translated":"Pantera Negra"},{"id":926393,"title":"El Justiciero: Capítulo final","rating":7.291,"release_date":"2023-08-30T00:00:00.000","runtime":109,"genres":"Acción, Suspense, Crimen","votes":3523,"budget":70000000,"revenue":191067560,"language":"en","directors":"{'id': 20907, 'name': 'Antoine Fuqua'}","writers":"{'id': 22814, 'name': 'Richard Wenk', 'job': 'Writer'}","lan-detected":null,"title-translated":"El Justiciero: Capítulo final"},{"id":273248,"title":"Los 8 Más Odiados","rating":7.756,"release_date":"2015-12-25T00:00:00.000","runtime":187,"genres":"Drama, Misterio, Western","votes":14896,"budget":44000000,"revenue":155760117,"language":"en","directors":"{'id': 138, 'name': 'Quentin Tarantino'}","writers":"{'id': 138, 'name': 'Quentin Tarantino', 'job': 'Screenplay'}","lan-detected":null,"title-translated":"Los 8 Más Odiados"},{"id":698687,"title":"Transformers Uno","rating":8.016,"release_date":"2024-09-11T00:00:00.000","runtime":104,"genres":"Animación, Ciencia ficción, Aventura, Familia","votes":1478,"budget":75000000,"revenue":129408392,"language":"en","directors":"{'id': 84496, 'name': 'Josh Cooley'}","writers":"{'id': 1123885, 'name': 'Andrew Barrer', 'job': 'Story'}, {'id': 1123885, 'name': 'Andrew Barrer', 'job': 'Screenplay'}, {'id': 1360012, 'name': 'Gabriel Ferrari', 'job': 'Story'}, {'id': 1360012, 'name': 'Gabriel Ferrari', 'job': 'Screenplay'}, {'id': 579281, 'name': 'Eric Pearson', 'job': 'Screenplay'}","lan-detected":null,"title-translated":"Transformers Uno"},{"id":12208,"title":"007: Casino Royale","rating":5.267,"release_date":"1967-04-18T00:00:00.000","runtime":131,"genres":"Aventura, Acción, Comedia","votes":792,"budget":12000000,"revenue":41744718,"language":"en","directors":"{'id': 39853, 'name': 'Val Guest'}, {'id': 70308, 'name': 'Ken Hughes'}, {'id': 6593, 'name': 'John Huston'}, {'id': 47792, 'name': 'Joseph McGrath'}, {'id': 8514, 'name': 'Robert Parrish'}","writers":"{'id': 29663, 'name': 'Wolf Mankowitz', 'job': 'Screenplay'}, {'id': 71656, 'name': 'John Law', 'job': 'Screenplay'}, {'id': 71657, 'name': 'Michael Sayers', 'job': 'Screenplay'}","lan-detected":null,"title-translated":"007: Casino Royale"},{"id":8392,"title":"Mi vecino Totoro","rating":8.065,"release_date":"1988-04-16T00:00:00.000","runtime":86,"genres":"Fantasía, Animación, Familia","votes":8526,"budget":3700000,"revenue":41000000,"language":"ja","directors":"{'id': 608, 'name': 'Hayao Miyazaki'}","writers":"{'id': 608, 'name': 'Hayao Miyazaki', 'job': 'Writer'}","lan-detected":null,"title-translated":"Mi vecino Totoro"},{"id":38055,"title":"Megamente","rating":7.015,"release_date":"2010-10-28T00:00:00.000","runtime":96,"genres":"Animación, Acción, Comedia, Familia, Ciencia ficción","votes":7272,"budget":130000000,"revenue":321885765,"language":"en","directors":"{'id': 18864, 'name': 'Tom McGrath'}","writers":"{'id': 119496, 'name': 'Alan Schoolcraft', 'job': 'Writer'}, {'id': 119497, 'name': 'Brent Simons', 'job': 'Writer'}","lan-detected":null,"title-translated":"Megamente"},{"id":24,"title":"Kill Bill: Vol. 1","rating":7.97,"release_date":"2003-10-10T00:00:00.000","runtime":111,"genres":"Acción, Crimen","votes":18428,"budget":30000000,"revenue":180906076,"language":"en","directors":"{'id': 138, 'name': 'Quentin Tarantino'}","writers":"{'id': 138, 'name': 'Quentin Tarantino', 'job': 'Writer'}","lan-detected":null,"title-translated":"Kill Bill: Vol. 1"},{"id":2022,"title":"La herencia del Sr. Deeds","rating":5.916,"release_date":"2002-06-28T00:00:00.000","runtime":96,"genres":"Comedia, Romance","votes":2444,"budget":50000000,"revenue":171269565,"language":"en","directors":"{'id': 32593, 'name': 'Steven Brill'}","writers":"{'id': 56728, 'name': 'Tim Herlihy', 'job': 'Screenplay'}","lan-detected":null,"title-translated":"La herencia del Sr. Deeds"},{"id":812,"title":"Aladdin","rating":7.655,"release_date":"1992-11-25T00:00:00.000","runtime":87,"genres":"Animación, Familia, Aventura, Fantasía, Romance","votes":11758,"budget":28000000,"revenue":504050219,"language":"en","directors":"{'id': 15810, 'name': 'Ron Clements'}, {'id': 15811, 'name': 'John Musker'}","writers":"{'id': 15810, 'name': 'Ron Clements', 'job': 'Screenplay'}, {'id': 1705, 'name': 'Ted Elliott', 'job': 'Screenplay'}, {'id': 1706, 'name': 'Terry Rossio', 'job': 'Screenplay'}, {'id': 15811, 'name': 'John Musker', 'job': 'Screenplay'}, {'id': 61677, 'name': 'Burny Mattinson', 'job': 'Story'}, {'id': 15812, 'name': 'Roger Allers', 'job': 'Story'}, {'id': 1457631, 'name': 'Daan Jippes', 'job': 'Story'}, {'id': 1083425, 'name': 'Kevin Harkey', 'job': 'Story'}, {'id': 1615296, 'name': 'Sue C. Nichols', 'job': 'Story'}, {'id': 74298, 'name': 'Francis Glebas', 'job': 'Story'}, {'id': 58829, 'name': 'Darrell Rooney', 'job': 'Story'}, {'id': 952327, 'name': 'Larry Leker', 'job': 'Story'}, {'id': 1462616, 'name': 'James Fujii', 'job': 'Story'}, {'id': 1719667, 'name': 'Kirk Hanson', 'job': 'Story'}, {'id': 15775, 'name': 'Kevin Lima', 'job': 'Story'}, {'id': 1209841, 'name': 'Rebecca Reese', 'job': 'Story'}, {'id': 1462624, 'name': 'David Scott Smith', 'job': 'Story'}, {'id': 66193, 'name': 'Chris Sanders', 'job': 'Story'}, {'id': 15778, 'name': 'Brian Pimental', 'job': 'Story'}, {'id': 1083426, 'name': 'Patrick A. Ventura', 'job': 'Story'}","lan-detected":null,"title-translated":"Aladdin"},{"id":615656,"title":"Megalodón 2: El gran abismo","rating":6.402,"release_date":"2023-08-02T00:00:00.000","runtime":116,"genres":"Acción, Ciencia ficción, Terror","votes":3825,"budget":129000000,"revenue":384056482,"language":"en","directors":"{'id': 137467, 'name': 'Ben Wheatley'}","writers":"{'id': 20516, 'name': 'Dean Georgaris', 'job': 'Screenplay'}, {'id': 112947, 'name': 'Erich Hoeber', 'job': 'Screenplay'}, {'id': 112948, 'name': 'Jon Hoeber', 'job': 'Screenplay'}","lan-detected":null,"title-translated":"Megalodón 2: El gran abismo"},{"id":398818,"title":"Llámame por tu nombre","rating":8.099,"release_date":"2017-07-28T00:00:00.000","runtime":132,"genres":"Romance, Drama","votes":12538,"budget":3500000,"revenue":43143046,"language":"en","directors":"{'id': 78160, 'name': 'Luca Guadagnino'}","writers":"{'id': 54441, 'name': 'James Ivory', 'job': 'Screenplay'}","lan-detected":null,"title-translated":"Llámame por tu nombre"},{"id":505642,"title":"Pantera Negra: Wakanda por siempre","rating":7.019,"release_date":"2022-11-09T00:00:00.000","runtime":162,"genres":"Acción, Aventura, Ciencia ficción","votes":7178,"budget":250000000,"revenue":859102154,"language":"en","directors":"{'id': 1056121, 'name': 'Ryan Coogler'}","writers":"{'id': 1056121, 'name': 'Ryan Coogler', 'job': 'Story'}, {'id': 1056121, 'name': 'Ryan Coogler', 'job': 'Screenplay'}, {'id': 1151834, 'name': 'Joe Robert Cole', 'job': 'Screenplay'}","lan-detected":null,"title-translated":"Pantera Negra: Wakanda por siempre"},{"id":46885,"title":"Visiting Hours","rating":5.5,"release_date":"1982-05-21T00:00:00.000","runtime":105,"genres":"Terror, Suspense","votes":114,"budget":6000000,"revenue":13258670,"language":"en","directors":"{'id': 31177, 'name': 'Jean-Claude Lord'}","writers":"{'id': 64821, 'name': 'Brian Taggert', 'job': 'Screenplay'}","lan-detected":null,"title-translated":"Visiting Hours"},{"id":545611,"title":"Todo en Todas Partes al Mismo Tiempo","rating":7.727,"release_date":"2022-03-24T00:00:00.000","runtime":140,"genres":"Acción, Aventura, Ciencia ficción","votes":7538,"budget":25000000,"revenue":139200000,"language":"en","directors":"{'id': 1317730, 'name': 'Daniel Scheinert'}, {'id': 1383612, 'name': 'Daniel Kwan'}","writers":"{'id': 1317730, 'name': 'Daniel Scheinert', 'job': 'Writer'}, {'id': 1383612, 'name': 'Daniel Kwan', 'job': 'Writer'}","lan-detected":null,"title-translated":"Todo en Todas Partes al Mismo Tiempo"},{"id":585083,"title":"Hotel Transylvania 4: Transformanía","rating":7.0,"release_date":"2022-01-31T00:00:00.000","runtime":87,"genres":"Animación, Comedia, Familia, Aventura, Fantasía","votes":2950,"budget":75000000,"revenue":18500000,"language":"en","directors":"{'id': 2093022, 'name': 'Jennifer Kluska'}, {'id': 70652, 'name': 'Derek Drymon'}","writers":"{'id': 185438, 'name': 'Genndy Tartakovsky', 'job': 'Story'}, {'id': 2425606, 'name': 'Amos Vernon', 'job': 'Screenplay'}, {'id': 1735750, 'name': 'Nunzio Randazzo', 'job': 'Screenplay'}, {'id': 185438, 'name': 'Genndy Tartakovsky', 'job': 'Screenplay'}","lan-detected":null,"title-translated":"Hotel Transylvania 4: Transformanía"},{"id":508883,"title":"El niño y la garza","rating":7.414,"release_date":"2023-07-14T00:00:00.000","runtime":124,"genres":"Animación, Aventura, Fantasía, Drama, Familia","votes":2456,"budget":50000000,"revenue":294200000,"language":"ja","directors":"{'id': 608, 'name': 'Hayao Miyazaki'}","writers":"{'id': 608, 'name': 'Hayao Miyazaki', 'job': 'Screenplay'}","lan-detected":null,"title-translated":"El niño y la garza"},{"id":792307,"title":"Pobres Criaturas","rating":7.654,"release_date":"2023-12-07T00:00:00.000","runtime":141,"genres":"Ciencia ficción, Romance, Comedia","votes":5181,"budget":35000000,"revenue":117607117,"language":"en","directors":"{'id': 122423, 'name': 'Yorgos Lanthimos'}","writers":"{'id': 77723, 'name': 'Tony McNamara', 'job': 'Screenplay'}","lan-detected":null,"title-translated":"Pobres Criaturas"},{"id":629542,"title":"Los Tipos Malos 1","rating":7.531,"release_date":"2022-03-17T00:00:00.000","runtime":100,"genres":"Familia, Comedia, Crimen, Aventura, Animación, Acción","votes":2423,"budget":80000000,"revenue":250162278,"language":"en","directors":"{'id': 1261455, 'name': 'Pierre Perifel'}","writers":"{'id': 52803, 'name': 'Etan Cohen', 'job': 'Screenplay'}","lan-detected":null,"title-translated":"Los Tipos Malos 1"},{"id":76492,"title":"Hotel Transylvania","rating":6.964,"release_date":"2012-09-20T00:00:00.000","runtime":91,"genres":"Animación, Comedia, Familia, Fantasía","votes":8992,"budget":85000000,"revenue":358375603,"language":"en","directors":"{'id': 185438, 'name': 'Genndy Tartakovsky'}","writers":"{'id': 1003944, 'name': 'Dan Hageman', 'job': 'Story'}, {'id': 1003945, 'name': 'Kevin Hageman', 'job': 'Story'}, {'id': 1308066, 'name': 'Todd Durham', 'job': 'Story'}, {'id': 6732, 'name': 'Peter Baynham', 'job': 'Screenplay'}, {'id': 53684, 'name': 'Robert Smigel', 'job': 'Screenplay'}","lan-detected":null,"title-translated":"Hotel Transylvania"},{"id":530254,"title":"La Bruja: Parte 1 - La Subversión","rating":7.883,"release_date":"2018-06-27T00:00:00.000","runtime":125,"genres":"Acción, Misterio, Ciencia ficción","votes":691,"budget":5500000,"revenue":24340302,"language":"ko","directors":"{'id': 557736, 'name': 'Park Hoon-jung'}","writers":"{'id': 557736, 'name': 'Park Hoon-jung', 'job': 'Writer'}","lan-detected":null,"title-translated":"La Bruja: Parte 1 - La Subversión"},{"id":257344,"title":"Pixeles","rating":5.765,"release_date":"2015-07-16T00:00:00.000","runtime":105,"genres":"Acción, Comedia, Ciencia ficción, Fantasía","votes":7876,"budget":88000000,"revenue":244874809,"language":"en","directors":"{'id': 10965, 'name': 'Chris Columbus'}","writers":"{'id': 56728, 'name': 'Tim Herlihy', 'job': 'Screenplay'}, {'id': 132315, 'name': 'Timothy Dowling', 'job': 'Screenplay'}, {'id': 1106516, 'name': 'Patrick Jean', 'job': 'Story'}","lan-detected":null,"title-translated":"Pixeles"},{"id":10674,"title":"Mulán","rating":7.902,"release_date":"1998-06-18T00:00:00.000","runtime":88,"genres":"Animación, Familia, Aventura","votes":10215,"budget":90000000,"revenue":304320254,"language":"en","directors":"{'id': 66190, 'name': 'Tony Bancroft'}, {'id': 66191, 'name': 'Barry Cook'}","writers":"{'id': 66194, 'name': 'Raymond Singer', 'job': 'Screenplay'}, {'id': 66193, 'name': 'Chris Sanders', 'job': 'Screenplay'}, {'id': 66195, 'name': 'Eugenia Bostwick-Singer', 'job': 'Screenplay'}, {'id': 12906, 'name': 'Rita Hsiao', 'job': 'Screenplay'}, {'id': 37078, 'name': 'Philip LaZebnik', 'job': 'Screenplay'}, {'id': 11, 'name': 'David Reynolds', 'job': 'Story'}, {'id': 71132, 'name': 'Barry Johnson', 'job': 'Story'}, {'id': 70238, 'name': 'Chris Williams', 'job': 'Story'}, {'id': 61677, 'name': 'Burny Mattinson', 'job': 'Story'}, {'id': 80671, 'name': 'John Sanford', 'job': 'Story'}, {'id': 1401075, 'name': 'Ed Gombert', 'job': 'Story'}, {'id': 2079022, 'name': 'Floyd Norman', 'job': 'Story'}, {'id': 1447331, 'name': 'Julius Aguimatang', 'job': 'Story'}, {'id': 80678, 'name': 'Tim Hodge', 'job': 'Story'}, {'id': 69133, 'name': 'Joe Grant', 'job': 'Story'}, {'id': 56660, 'name': 'Lorna Cook', 'job': 'Story'}, {'id': 957663, 'name': 'Thom Enriquez', 'job': 'Story'}","lan-detected":null,"title-translated":"Mulán"},{"id":359724,"title":"Contra lo imposible","rating":8.006,"release_date":"2019-11-13T00:00:00.000","runtime":153,"genres":"Drama, Acción, Historia","votes":8666,"budget":97600000,"revenue":225508210,"language":"en","directors":"{'id': 366, 'name': 'James Mangold'}","writers":"{'id': 21339, 'name': 'Jez Butterworth', 'job': 'Screenplay'}, {'id': 120254, 'name': 'John-Henry Butterworth', 'job': 'Screenplay'}, {'id': 133287, 'name': 'Jason Keller', 'job': 'Writer'}","lan-detected":null,"title-translated":"Contra lo imposible"},{"id":281338,"title":"El Planeta de Los Simios 3: La Guerra","rating":7.215,"release_date":"2017-07-11T00:00:00.000","runtime":140,"genres":"Drama, Ciencia ficción, Bélica","votes":9498,"budget":150000000,"revenue":490719763,"language":"en","directors":"{'id': 32278, 'name': 'Matt Reeves'}","writers":"{'id': 18189, 'name': 'Mark Bomback', 'job': 'Writer'}, {'id': 32278, 'name': 'Matt Reeves', 'job': 'Writer'}","lan-detected":null,"title-translated":"El Planeta de Los Simios 3: La Guerra"},{"id":389,"title":"12 Hombres en Pugna","rating":8.55,"release_date":"1957-04-10T00:00:00.000","runtime":96,"genres":"Drama","votes":9628,"budget":397751,"revenue":4360000,"language":"en","directors":"{'id': 39996, 'name': 'Sidney Lumet'}","writers":"{'id': 5246, 'name': 'Reginald Rose', 'job': 'Screenplay'}, {'id': 5246, 'name': 'Reginald Rose', 'job': 'Story'}","lan-detected":null,"title-translated":"12 Hombres en Pugna"},{"id":426063,"title":"Nosferatu","rating":6.698,"release_date":"2024-12-25T00:00:00.000","runtime":133,"genres":"Terror, Fantasía","votes":3343,"budget":50000000,"revenue":181764515,"language":"en","directors":"{'id': 138781, 'name': 'Robert Eggers'}","writers":"{'id': 138781, 'name': 'Robert Eggers', 'job': 'Writer'}","lan-detected":null,"title-translated":"Nosferatu"},{"id":843,"title":"Con Ánimo de Amar","rating":8.1,"release_date":"2000-09-29T00:00:00.000","runtime":95,"genres":"Drama, Romance","votes":3111,"budget":3000000,"revenue":15867968,"language":"cn","directors":"{'id': 12453, 'name': 'Wong Kar-Wai'}","writers":"{'id': 12453, 'name': 'Wong Kar-Wai', 'job': 'Screenplay'}, {'id': 236191, 'name': 'Liu Yichang', 'job': 'Story'}","lan-detected":null,"title-translated":"Con Ánimo de Amar"},{"id":82507,"title":"Siniestro","rating":6.87,"release_date":"2012-03-29T00:00:00.000","runtime":110,"genres":"Terror, Suspense, Misterio","votes":5866,"budget":3000000,"revenue":82515113,"language":"en","directors":"{'id': 55499, 'name': 'Scott Derrickson'}","writers":"{'id': 928106, 'name': 'C. Robert Cargill', 'job': 'Screenplay'}, {'id': 55499, 'name': 'Scott Derrickson', 'job': 'Screenplay'}","lan-detected":null,"title-translated":"Siniestro"},{"id":162,"title":"El Joven Manos de Tijera","rating":7.719,"release_date":"1990-12-07T00:00:00.000","runtime":105,"genres":"Fantasía, Drama, Romance","votes":13491,"budget":20000000,"revenue":86024005,"language":"en","directors":"{'id': 510, 'name': 'Tim Burton'}","writers":"{'id': 510, 'name': 'Tim Burton', 'job': 'Story'}, {'id': 1901, 'name': 'Caroline Thompson', 'job': 'Story'}, {'id': 1901, 'name': 'Caroline Thompson', 'job': 'Screenplay'}","lan-detected":null,"title-translated":"El Joven Manos de Tijera"},{"id":718930,"title":"Tren bala","rating":7.418,"release_date":"2022-08-03T00:00:00.000","runtime":127,"genres":"Acción, Comedia, Suspense","votes":7143,"budget":90000000,"revenue":239300000,"language":"en","directors":"{'id': 40684, 'name': 'David Leitch'}","writers":"{'id': 2601912, 'name': 'Zak Olkewicz', 'job': 'Screenplay'}","lan-detected":null,"title-translated":"Tren bala"},{"id":842924,"title":"La Vida De Chuck","rating":7.318,"release_date":"2025-06-05T00:00:00.000","runtime":110,"genres":"Fantasía, Drama","votes":669,"budget":25000000,"revenue":19600910,"language":"en","directors":"{'id': 551463, 'name': 'Mike Flanagan'}","writers":"{'id': 551463, 'name': 'Mike Flanagan', 'job': 'Writer'}","lan-detected":null,"title-translated":"La Vida De Chuck"},{"id":11929,"title":"Eclipse total","rating":7.269,"release_date":"1995-03-24T00:00:00.000","runtime":132,"genres":"Crimen, Drama, Misterio","votes":841,"budget":13000000,"revenue":46400000,"language":"en","directors":"{'id': 18596, 'name': 'Taylor Hackford'}","writers":"{'id': 19242, 'name': 'Tony Gilroy', 'job': 'Screenplay'}","lan-detected":null,"title-translated":"Eclipse total"},{"id":2501,"title":"Identidad desconocida","rating":7.5,"release_date":"2002-06-14T00:00:00.000","runtime":118,"genres":"Acción, Drama, Misterio, Suspense","votes":9797,"budget":60000000,"revenue":214034224,"language":"en","directors":"{'id': 11694, 'name': 'Doug Liman'}","writers":"{'id': 25618, 'name': 'William Blake Herron', 'job': 'Screenplay'}, {'id': 19242, 'name': 'Tony Gilroy', 'job': 'Screenplay'}","lan-detected":null,"title-translated":"Identidad desconocida"},{"id":882598,"title":"Sonríe","rating":6.67,"release_date":"2022-09-23T00:00:00.000","runtime":115,"genres":"Terror, Misterio","votes":3858,"budget":17000000,"revenue":217408513,"language":"en","directors":"{'id': 2218465, 'name': 'Parker Finn'}","writers":"{'id': 2218465, 'name': 'Parker Finn', 'job': 'Writer'}","lan-detected":null,"title-translated":"Sonríe"},{"id":1136867,"title":"Amores materialistas","rating":6.456,"release_date":"2025-06-12T00:00:00.000","runtime":109,"genres":"Romance, Drama","votes":963,"budget":20000000,"revenue":105618726,"language":"en","directors":"{'id': 2518227, 'name': 'Celine Song'}","writers":"{'id': 2518227, 'name': 'Celine Song', 'job': 'Writer'}","lan-detected":null,"title-translated":"Amores materialistas"},{"id":9714,"title":"Mi pobre angelito 3","rating":5.279,"release_date":"1997-12-12T00:00:00.000","runtime":103,"genres":"Comedia, Familia","votes":3193,"budget":32000000,"revenue":79082515,"language":"en","directors":"{'id': 1215, 'name': 'Raja Gosnell'}","writers":"{'id': 11505, 'name': 'John Hughes', 'job': 'Writer'}","lan-detected":null,"title-translated":"Mi pobre angelito 3"},{"id":1192174,"title":"Il Nibbio","rating":7.165,"release_date":"2025-03-06T00:00:00.000","runtime":109,"genres":"Drama, Suspense","votes":79,"budget":7324508,"revenue":1061893,"language":"it","directors":"{'id': 1243268, 'name': 'Alessandro Tonda'}","writers":"{'id': 2979223, 'name': 'Davide Cosco', 'job': 'Story'}, {'id': 59913, 'name': 'Sandro Petraglia', 'job': 'Story'}, {'id': 3027073, 'name': 'Lorenzo Bagnatori', 'job': 'Story'}, {'id': 3027073, 'name': 'Lorenzo Bagnatori', 'job': 'Writer'}, {'id': 59913, 'name': 'Sandro Petraglia', 'job': 'Writer'}","lan-detected":null,"title-translated":"Il Nibbio"},{"id":252,"title":"Willy Wonka y la fábrica de chocolate","rating":7.483,"release_date":"1971-06-29T00:00:00.000","runtime":99,"genres":"Familia, Fantasía, Comedia","votes":3830,"budget":3000000,"revenue":4000000,"language":"en","directors":"{'id': 3451, 'name': 'Mel Stuart'}","writers":"{'id': 1299, 'name': 'Roald Dahl', 'job': 'Screenplay'}, {'id': 3616, 'name': 'Leslie Bricusse', 'job': 'Writer'}, {'id': 81409, 'name': 'Anthony Newley', 'job': 'Writer'}","lan-detected":null,"title-translated":"Willy Wonka y la fábrica de chocolate"},{"id":11688,"title":"Las locuras del emperador","rating":7.557,"release_date":"2000-12-15T00:00:00.000","runtime":78,"genres":"Aventura, Animación, Comedia, Familia, Fantasía","votes":7124,"budget":100000000,"revenue":169327687,"language":"en","directors":"{'id': 61411, 'name': 'Mark Dindal'}","writers":"{'id': 11, 'name': 'David Reynolds', 'job': 'Screenplay'}, {'id': 61411, 'name': 'Mark Dindal', 'job': 'Story'}, {'id': 70238, 'name': 'Chris Williams', 'job': 'Story'}, {'id': 61423, 'name': 'Mark Walton', 'job': 'Story'}","lan-detected":null,"title-translated":"Las locuras del emperador"},{"id":929590,"title":"Guerra Civil","rating":6.849,"release_date":"2024-04-10T00:00:00.000","runtime":109,"genres":"Bélica, Acción, Drama","votes":4021,"budget":50000000,"revenue":126542249,"language":"en","directors":"{'id': 2036, 'name': 'Alex Garland'}","writers":"{'id': 2036, 'name': 'Alex Garland', 'job': 'Writer'}","lan-detected":null,"title-translated":"Guerra Civil"},{"id":9552,"title":"El Exorcista","rating":7.74,"release_date":"1973-12-26T00:00:00.000","runtime":132,"genres":"Terror","votes":8399,"budget":12000000,"revenue":441306145,"language":"en","directors":"{'id': 15175, 'name': 'William Friedkin'}","writers":"{'id': 57922, 'name': 'William Peter Blatty', 'job': 'Screenplay'}","lan-detected":null,"title-translated":"El Exorcista"},{"id":1359,"title":"Psicópata Americano","rating":7.408,"release_date":"2000-01-21T00:00:00.000","runtime":102,"genres":"Suspense, Drama, Crimen","votes":11853,"budget":7000000,"revenue":34300000,"language":"en","directors":"{'id': 16378, 'name': 'Mary Harron'}","writers":"{'id': 32030, 'name': 'Guinevere Turner', 'job': 'Screenplay'}, {'id': 16378, 'name': 'Mary Harron', 'job': 'Screenplay'}","lan-detected":null,"title-translated":"Psicópata Americano"},{"id":10198,"title":"La princesa y el sapo","rating":7.216,"release_date":"2009-12-08T00:00:00.000","runtime":97,"genres":"Animación, Romance, Fantasía, Familia","votes":5968,"budget":105000000,"revenue":270997378,"language":"en","directors":"{'id': 15810, 'name': 'Ron Clements'}, {'id': 15811, 'name': 'John Musker'}","writers":"{'id': 15810, 'name': 'Ron Clements', 'job': 'Screenplay'}, {'id': 15811, 'name': 'John Musker', 'job': 'Screenplay'}, {'id': 15810, 'name': 'Ron Clements', 'job': 'Story'}, {'id': 15811, 'name': 'John Musker', 'job': 'Story'}, {'id': 72714, 'name': 'Greg Erb', 'job': 'Story'}, {'id': 1615536, 'name': 'Jason Oremland', 'job': 'Story'}, {'id': 56611, 'name': 'Rob Edwards', 'job': 'Screenplay'}","lan-detected":null,"title-translated":"La princesa y el sapo"},{"id":653346,"title":"El planeta de los simios: Nuevo reino","rating":7.059,"release_date":"2024-05-08T00:00:00.000","runtime":145,"genres":"Ciencia ficción, Aventura, Acción","votes":4033,"budget":160000000,"revenue":397378150,"language":"en","directors":"{'id': 1179066, 'name': 'Wes Ball'}","writers":"{'id': 507, 'name': 'Josh Friedman', 'job': 'Writer'}","lan-detected":null,"title-translated":"El planeta de los simios: Nuevo reino"},{"id":635302,"title":"Demon Slayer: Mugen Train La película","rating":8.207,"release_date":"2020-10-16T00:00:00.000","runtime":117,"genres":"Animación, Acción, Fantasía","votes":4355,"budget":15700000,"revenue":523542183,"language":"ja","directors":"{'id': 1283010, 'name': 'Haruo Sotozaki'}","writers":"","lan-detected":null,"title-translated":"Demon Slayer: Mugen Train La película"},{"id":102651,"title":"Maléfica","rating":7.087,"release_date":"2014-05-28T00:00:00.000","runtime":97,"genres":"Fantasía, Aventura, Acción, Familia, Romance","votes":13525,"budget":180000000,"revenue":758539785,"language":"en","directors":"{'id': 1032536, 'name': 'Robert Stromberg'}","writers":"{'id': 38792, 'name': 'Linda Woolverton', 'job': 'Screenplay'}","lan-detected":null,"title-translated":"Maléfica"},{"id":49521,"title":"El hombre de acero","rating":6.641,"release_date":"2013-06-12T00:00:00.000","runtime":143,"genres":"Acción, Aventura, Ciencia ficción","votes":15854,"budget":225000000,"revenue":668045518,"language":"en","directors":"{'id': 15217, 'name': 'Zack Snyder'}","writers":"{'id': 3893, 'name': 'David S. Goyer', 'job': 'Screenplay'}, {'id': 525, 'name': 'Christopher Nolan', 'job': 'Story'}, {'id': 3893, 'name': 'David S. Goyer', 'job': 'Story'}","lan-detected":null,"title-translated":"El hombre de acero"},{"id":346910,"title":"El Depredador","rating":5.633,"release_date":"2018-09-05T00:00:00.000","runtime":107,"genres":"Ciencia ficción, Acción, Suspense","votes":4986,"budget":88000000,"revenue":160542134,"language":"en","directors":"{'id': 1108, 'name': 'Shane Black'}","writers":"{'id': 1108, 'name': 'Shane Black', 'job': 'Writer'}, {'id': 44056, 'name': 'Fred Dekker', 'job': 'Writer'}","lan-detected":null,"title-translated":"El Depredador"},{"id":207703,"title":"Kingsman: El Servicio Secreto","rating":7.62,"release_date":"2015-01-24T00:00:00.000","runtime":129,"genres":"Crimen, Comedia, Acción, Aventura","votes":17479,"budget":81000000,"revenue":414351546,"language":"en","directors":"{'id': 957, 'name': 'Matthew Vaughn'}","writers":"{'id': 23447, 'name': 'Jane Goldman', 'job': 'Writer'}, {'id': 957, 'name': 'Matthew Vaughn', 'job': 'Writer'}","lan-detected":null,"title-translated":"Kingsman: El Servicio Secreto"},{"id":263115,"title":"Logan: Wolverine","rating":7.819,"release_date":"2017-02-28T00:00:00.000","runtime":138,"genres":"Acción, Drama, Ciencia ficción","votes":20033,"budget":97000000,"revenue":619021436,"language":"en","directors":"{'id': 366, 'name': 'James Mangold'}","writers":"{'id': 191937, 'name': 'Michael Green', 'job': 'Screenplay'}, {'id': 366, 'name': 'James Mangold', 'job': 'Screenplay'}, {'id': 2199, 'name': 'Scott Frank', 'job': 'Screenplay'}, {'id': 366, 'name': 'James Mangold', 'job': 'Story'}","lan-detected":null,"title-translated":"Logan: Wolverine"},{"id":629,"title":"Los sospechosos de siempre","rating":8.172,"release_date":"1995-07-19T00:00:00.000","runtime":105,"genres":"Drama, Crimen, Suspense","votes":11051,"budget":6000000,"revenue":23300000,"language":"en","directors":"{'id': 9032, 'name': 'Bryan Singer'}","writers":"{'id': 9033, 'name': 'Christopher McQuarrie', 'job': 'Writer'}","lan-detected":null,"title-translated":"Los sospechosos de siempre"},{"id":566525,"title":"Shang-Chi y la leyenda de los Diez Anillos","rating":7.503,"release_date":"2021-09-01T00:00:00.000","runtime":132,"genres":"Acción, Aventura, Fantasía","votes":10101,"budget":150000000,"revenue":432243292,"language":"en","directors":"{'id': 1144604, 'name': 'Destin Daniel Cretton'}","writers":"{'id': 1144604, 'name': 'Destin Daniel Cretton', 'job': 'Screenplay'}, {'id': 57264, 'name': 'David Callaham', 'job': 'Screenplay'}, {'id': 1629671, 'name': 'Andrew Lanham', 'job': 'Screenplay'}","lan-detected":null,"title-translated":"Shang-Chi y la leyenda de los Diez Anillos"},{"id":78,"title":"Blade Runner","rating":7.941,"release_date":"1982-06-25T00:00:00.000","runtime":117,"genres":"Ciencia ficción, Drama, Suspense","votes":14583,"budget":28000000,"revenue":41722424,"language":"en","directors":"{'id': 578, 'name': 'Ridley Scott'}","writers":"{'id': 7191, 'name': 'David Webb Peoples', 'job': 'Screenplay'}, {'id': 583, 'name': 'Hampton Fancher', 'job': 'Screenplay'}","lan-detected":null,"title-translated":"Blade Runner"},{"id":77338,"title":"Amigos Intocables","rating":8.271,"release_date":"2011-11-02T00:00:00.000","runtime":112,"genres":"Drama, Comedia","votes":18045,"budget":13000000,"revenue":426590315,"language":"fr","directors":"{'id': 84425, 'name': 'Éric Toledano'}, {'id': 84426, 'name': 'Olivier Nakache'}","writers":"{'id': 84426, 'name': 'Olivier Nakache', 'job': 'Screenplay'}, {'id': 84425, 'name': 'Éric Toledano', 'job': 'Screenplay'}","lan-detected":null,"title-translated":"Amigos Intocables"},{"id":744,"title":"Top Gun: Pasión y gloria","rating":7.06,"release_date":"1986-05-16T00:00:00.000","runtime":110,"genres":"Acción, Drama","votes":9253,"budget":15000000,"revenue":356830601,"language":"en","directors":"{'id': 893, 'name': 'Tony Scott'}","writers":"{'id': 11080, 'name': 'Jim Cash', 'job': 'Writer'}, {'id': 11081, 'name': 'Jack Epps Jr.', 'job': 'Writer'}","lan-detected":null,"title-translated":"Top Gun: Pasión y gloria"},{"id":1230368,"title":"Springsteen: Música de ninguna parte","rating":6.894,"release_date":"2025-10-22T00:00:00.000","runtime":120,"genres":"Drama, Música","votes":161,"budget":55000000,"revenue":45104914,"language":"en","directors":"{'id': 65167, 'name': 'Scott Cooper'}","writers":"{'id': 65167, 'name': 'Scott Cooper', 'job': 'Screenplay'}","lan-detected":null,"title-translated":"Springsteen: Música de ninguna parte"},{"id":23483,"title":"Kick-Ass: Un superhéroe sin superpoderes","rating":7.122,"release_date":"2010-03-26T00:00:00.000","runtime":118,"genres":"Acción, Crimen","votes":12131,"budget":28000000,"revenue":96188903,"language":"en","directors":"{'id': 957, 'name': 'Matthew Vaughn'}","writers":"{'id': 23447, 'name': 'Jane Goldman', 'job': 'Screenplay'}, {'id': 957, 'name': 'Matthew Vaughn', 'job': 'Screenplay'}","lan-detected":null,"title-translated":"Kick-Ass: Un superhéroe sin superpoderes"},{"id":384018,"title":"Rápidos y Furiosos: Hobbs y Shaw","rating":6.843,"release_date":"2019-07-31T00:00:00.000","runtime":137,"genres":"Acción, Aventura, Comedia","votes":7582,"budget":200000000,"revenue":760098996,"language":"en","directors":"{'id': 40684, 'name': 'David Leitch'}","writers":"{'id': 58191, 'name': 'Chris Morgan', 'job': 'Screenplay'}, {'id': 58191, 'name': 'Chris Morgan', 'job': 'Story'}, {'id': 1239407, 'name': 'Drew Pearce', 'job': 'Screenplay'}","lan-detected":null,"title-translated":"Rápidos y Furiosos: Hobbs y Shaw"},{"id":39254,"title":"Gigantes de Acero","rating":7.063,"release_date":"2011-09-28T00:00:00.000","runtime":126,"genres":"Acción, Ciencia ficción, Drama","votes":8867,"budget":110000000,"revenue":299300000,"language":"en","directors":"{'id': 17825, 'name': 'Shawn Levy'}","writers":"{'id': 57113, 'name': 'Dan Gilroy', 'job': 'Story'}, {'id': 25210, 'name': 'Jeremy Leven', 'job': 'Story'}, {'id': 53176, 'name': 'John Gatins', 'job': 'Screenplay'}","lan-detected":null,"title-translated":"Gigantes de Acero"},{"id":281957,"title":"Revenant: El renacido","rating":7.54,"release_date":"2015-12-25T00:00:00.000","runtime":156,"genres":"Western, Drama, Aventura","votes":18894,"budget":135000000,"revenue":532950503,"language":"en","directors":"{'id': 223, 'name': 'Alejandro González Iñárritu'}","writers":"{'id': 223, 'name': 'Alejandro González Iñárritu', 'job': 'Screenplay'}, {'id': 64785, 'name': 'Mark L. Smith', 'job': 'Screenplay'}","lan-detected":null,"title-translated":"Revenant: El renacido"},{"id":1138194,"title":"Hereje","rating":6.977,"release_date":"2024-10-31T00:00:00.000","runtime":111,"genres":"Suspense, Terror","votes":2366,"budget":10000000,"revenue":51913394,"language":"en","directors":"{'id': 1317685, 'name': 'Scott Beck'}, {'id': 1317686, 'name': 'Bryan Woods'}","writers":"{'id': 1317686, 'name': 'Bryan Woods', 'job': 'Writer'}, {'id': 1317685, 'name': 'Scott Beck', 'job': 'Writer'}","lan-detected":null,"title-translated":"Hereje"},{"id":57158,"title":"El Hobbit 2: La Desolación de Smaug","rating":7.575,"release_date":"2013-12-11T00:00:00.000","runtime":160,"genres":"Fantasía, Aventura, Acción","votes":13839,"budget":250000000,"revenue":958400000,"language":"en","directors":"{'id': 108, 'name': 'Peter Jackson'}","writers":"{'id': 126, 'name': 'Fran Walsh', 'job': 'Screenplay'}, {'id': 128, 'name': 'Philippa Boyens', 'job': 'Screenplay'}, {'id': 108, 'name': 'Peter Jackson', 'job': 'Screenplay'}, {'id': 10828, 'name': 'Guillermo del Toro', 'job': 'Screenplay'}","lan-detected":null,"title-translated":"El Hobbit 2: La Desolación de Smaug"},{"id":609681,"title":"The Marvels","rating":5.955,"release_date":"2023-11-08T00:00:00.000","runtime":105,"genres":"Ciencia ficción, Aventura, Acción","votes":3199,"budget":274800000,"revenue":206136825,"language":"en","directors":"{'id': 1795072, 'name': 'Nia DaCosta'}","writers":"{'id': 3119329, 'name': 'Elissa Karasik', 'job': 'Writer'}, {'id': 2056482, 'name': 'Megan McDonnell', 'job': 'Writer'}, {'id': 1795072, 'name': 'Nia DaCosta', 'job': 'Writer'}","lan-detected":null,"title-translated":"The Marvels"},{"id":118,"title":"Charlie y La Fábrica de Chocolate","rating":7.04,"release_date":"2005-07-13T00:00:00.000","runtime":115,"genres":"Aventura, Comedia, Familia, Fantasía","votes":15832,"budget":150000000,"revenue":475000000,"language":"en","directors":"{'id': 510, 'name': 'Tim Burton'}","writers":"{'id': 1300, 'name': 'John August', 'job': 'Screenplay'}","lan-detected":null,"title-translated":"Charlie y La Fábrica de Chocolate"},{"id":1155281,"title":"La creación de los dioses 2: Fuerza demoníaca","rating":6.416,"release_date":"2025-01-29T00:00:00.000","runtime":145,"genres":"Acción, Fantasía, Bélica","votes":119,"budget":120000000,"revenue":172619925,"language":"zh","directors":"{'id': 232685, 'name': 'Wuershan'}","writers":"{'id': 1311472, 'name': 'Ran Ping', 'job': 'Writer'}, {'id': 1623186, 'name': 'Ran Jianan', 'job': 'Writer'}, {'id': 232685, 'name': 'Wuershan', 'job': 'Writer'}, {'id': 4176068, 'name': 'Cao Sheng', 'job': 'Writer'}","lan-detected":null,"title-translated":"La creación de los dioses 2: Fuerza demoníaca"},{"id":350,"title":"El diablo viste a la moda","rating":7.39,"release_date":"2006-06-29T00:00:00.000","runtime":111,"genres":"Drama, Comedia","votes":12676,"budget":35000000,"revenue":326706115,"language":"en","directors":"{'id': 5065, 'name': 'David Frankel'}","writers":"{'id': 10567, 'name': 'Aline Brosh McKenna', 'job': 'Screenplay'}","lan-detected":null,"title-translated":"El diablo viste a la moda"},{"id":667538,"title":"Transformers: El despertar de las bestias","rating":7.192,"release_date":"2023-06-06T00:00:00.000","runtime":127,"genres":"Ciencia ficción, Aventura, Acción","votes":5126,"budget":195000000,"revenue":441381193,"language":"en","directors":"{'id': 1551545, 'name': 'Steven Caple Jr.'}","writers":"{'id': 74569, 'name': 'Joby Harold', 'job': 'Story'}, {'id': 3072852, 'name': 'Josh Peters', 'job': 'Screenplay'}, {'id': 3072850, 'name': 'Darnell Metayer', 'job': 'Screenplay'}, {'id': 112948, 'name': 'Jon Hoeber', 'job': 'Screenplay'}, {'id': 112947, 'name': 'Erich Hoeber', 'job': 'Screenplay'}, {'id': 74569, 'name': 'Joby Harold', 'job': 'Screenplay'}","lan-detected":null,"title-translated":"Transformers: El despertar de las bestias"},{"id":169,"title":"Depredador 2","rating":6.296,"release_date":"1990-11-21T00:00:00.000","runtime":108,"genres":"Ciencia ficción, Acción, Suspense","votes":3642,"budget":35000000,"revenue":57120318,"language":"en","directors":"{'id': 2042, 'name': 'Stephen Hopkins'}","writers":"{'id': 1094, 'name': 'John Thomas', 'job': 'Writer'}, {'id': 1092, 'name': 'Jim Thomas', 'job': 'Writer'}","lan-detected":null,"title-translated":"Depredador 2"},{"id":114,"title":"Mujer bonita","rating":7.459,"release_date":"1990-03-23T00:00:00.000","runtime":119,"genres":"Romance, Comedia","votes":8749,"budget":14000000,"revenue":463406268,"language":"en","directors":"{'id': 1201, 'name': 'Garry Marshall'}","writers":"{'id': 1203, 'name': 'J.F. Lawton', 'job': 'Writer'}","lan-detected":null,"title-translated":"Mujer bonita"},{"id":588228,"title":"La Guerra Del Mañana","rating":7.485,"release_date":"2021-09-03T00:00:00.000","runtime":138,"genres":"Acción, Ciencia ficción, Aventura","votes":3919,"budget":200000000,"revenue":14400000,"language":"en","directors":"{'id': 144816, 'name': 'Chris McKay'}","writers":"{'id': 1014026, 'name': 'Zach Dean', 'job': 'Screenplay'}","lan-detected":null,"title-translated":"La Guerra Del Mañana"},{"id":4951,"title":"10 cosas que odio de ti","rating":7.59,"release_date":"1999-03-30T00:00:00.000","runtime":97,"genres":"Comedia, Romance, Drama","votes":8677,"budget":16000000,"revenue":53478166,"language":"en","directors":"{'id': 40243, 'name': 'Gil Junger'}","writers":"{'id': 40590, 'name': 'Kirsten Smith', 'job': 'Writer'}, {'id': 40589, 'name': 'Karen McCullah', 'job': 'Writer'}","lan-detected":null,"title-translated":"10 cosas que odio de ti"},{"id":1724,"title":"Hulk: El hombre increíble","rating":6.229,"release_date":"2008-06-12T00:00:00.000","runtime":113,"genres":"Ciencia ficción, Acción, Aventura","votes":12410,"budget":150000000,"revenue":264770996,"language":"en","directors":"{'id': 18865, 'name': 'Louis Leterrier'}","writers":"{'id': 11011, 'name': 'Zak Penn', 'job': 'Screenplay'}","lan-detected":null,"title-translated":"Hulk: El hombre increíble"},{"id":38,"title":"Eterno resplandor de una mente sin recuerdos","rating":8.092,"release_date":"2004-03-19T00:00:00.000","runtime":108,"genres":"Ciencia ficción, Drama, Romance","votes":15913,"budget":20000000,"revenue":72258126,"language":"en","directors":"{'id': 201, 'name': 'Michel Gondry'}","writers":"{'id': 222, 'name': 'Pierre Bismuth', 'job': 'Story'}, {'id': 202, 'name': 'Charlie Kaufman', 'job': 'Story'}, {'id': 202, 'name': 'Charlie Kaufman', 'job': 'Screenplay'}, {'id': 201, 'name': 'Michel Gondry', 'job': 'Story'}","lan-detected":null,"title-translated":"Eterno resplandor de una mente sin recuerdos"},{"id":620,"title":"Los Cazafantasmas","rating":7.494,"release_date":"1984-06-08T00:00:00.000","runtime":107,"genres":"Comedia, Fantasía","votes":9488,"budget":30000000,"revenue":296640120,"language":"en","directors":"{'id': 8858, 'name': 'Ivan Reitman'}","writers":"{'id': 707, 'name': 'Dan Aykroyd', 'job': 'Screenplay'}, {'id': 1524, 'name': 'Harold Ramis', 'job': 'Screenplay'}","lan-detected":null,"title-translated":"Los Cazafantasmas"},{"id":330457,"title":"Frozen 2","rating":7.239,"release_date":"2019-11-20T00:00:00.000","runtime":103,"genres":"Familia, Animación, Aventura, Comedia, Fantasía","votes":10108,"budget":150000000,"revenue":1453683476,"language":"en","directors":"{'id': 1120694, 'name': 'Jennifer Lee'}, {'id': 15774, 'name': 'Chris Buck'}","writers":"{'id': 211980, 'name': 'Allison Schroeder', 'job': 'Screenplay'}, {'id': 1366120, 'name': 'Kristen Anderson-Lopez', 'job': 'Story'}, {'id': 1120694, 'name': 'Jennifer Lee', 'job': 'Screenplay'}, {'id': 1120694, 'name': 'Jennifer Lee', 'job': 'Story'}, {'id': 15774, 'name': 'Chris Buck', 'job': 'Story'}, {'id': 1995179, 'name': 'Marc Smith', 'job': 'Story'}, {'id': 1229800, 'name': 'Robert Lopez', 'job': 'Story'}","lan-detected":null,"title-translated":"Frozen 2"},{"id":36557,"title":"Casino Royale","rating":7.566,"release_date":"2006-11-14T00:00:00.000","runtime":144,"genres":"Aventura, Acción, Suspense","votes":11345,"budget":150000000,"revenue":599045960,"language":"en","directors":"{'id': 10702, 'name': 'Martin Campbell'}","writers":"{'id': 10782, 'name': 'Neal Purvis', 'job': 'Screenplay'}, {'id': 10783, 'name': 'Robert Wade', 'job': 'Screenplay'}, {'id': 455, 'name': 'Paul Haggis', 'job': 'Screenplay'}","lan-detected":null,"title-translated":"Casino Royale"},{"id":68721,"title":"Iron Man 3","rating":6.931,"release_date":"2013-04-18T00:00:00.000","runtime":130,"genres":"Acción, Aventura, Ciencia ficción","votes":23023,"budget":200000000,"revenue":1215577205,"language":"en","directors":"{'id': 1108, 'name': 'Shane Black'}","writers":"{'id': 1108, 'name': 'Shane Black', 'job': 'Screenplay'}, {'id': 1239407, 'name': 'Drew Pearce', 'job': 'Screenplay'}","lan-detected":null,"title-translated":"Iron Man 3"},{"id":152601,"title":"Ella","rating":7.844,"release_date":"2013-12-18T00:00:00.000","runtime":126,"genres":"Romance, Ciencia ficción, Drama","votes":14946,"budget":23000000,"revenue":47351251,"language":"en","directors":"{'id': 5953, 'name': 'Spike Jonze'}","writers":"{'id': 5953, 'name': 'Spike Jonze', 'job': 'Writer'}","lan-detected":null,"title-translated":"Ella"},{"id":1280282,"title":"La casa de muñecas de Gabby: La película","rating":6.7,"release_date":"2025-09-13T00:00:00.000","runtime":85,"genres":"Familia, Comedia, Aventura, Animación","votes":52,"budget":32000000,"revenue":80291064,"language":"en","directors":"{'id': 936667, 'name': 'Ryan Crego'}","writers":"{'id': 3443955, 'name': 'Mike Lew', 'job': 'Screenplay'}, {'id': 5718939, 'name': 'Rehana Lew Mirza', 'job': 'Screenplay'}, {'id': 2017072, 'name': 'Adam Wilson', 'job': 'Screenplay'}, {'id': 1106223, 'name': 'Melanie Wilson LaBracio', 'job': 'Screenplay'}, {'id': 936667, 'name': 'Ryan Crego', 'job': 'Story'}","lan-detected":null,"title-translated":"La casa de muñecas de Gabby: La película"},{"id":863,"title":"Toy Story 2","rating":7.605,"release_date":"1999-10-30T00:00:00.000","runtime":99,"genres":"Animación, Comedia, Familia","votes":14544,"budget":90000000,"revenue":497375404,"language":"en","directors":"{'id': 7879, 'name': 'John Lasseter'}","writers":"{'id': 12907, 'name': 'Doug Chamberlin', 'job': 'Screenplay'}, {'id': 7, 'name': 'Andrew Stanton', 'job': 'Screenplay'}, {'id': 12906, 'name': 'Rita Hsiao', 'job': 'Screenplay'}, {'id': 12908, 'name': 'Chris Webb', 'job': 'Screenplay'}","lan-detected":null,"title-translated":"Toy Story 2"},{"id":809,"title":"Shrek 2","rating":7.305,"release_date":"2004-05-19T00:00:00.000","runtime":93,"genres":"Animación, Familia, Comedia, Fantasía, Aventura, Romance","votes":13110,"budget":150000000,"revenue":935454538,"language":"en","directors":"{'id': 5524, 'name': 'Andrew Adamson'}, {'id': 12079, 'name': 'Kelly Asbury'}, {'id': 12080, 'name': 'Conrad Vernon'}","writers":"{'id': 5524, 'name': 'Andrew Adamson', 'job': 'Screenplay'}, {'id': 12083, 'name': 'Joe Stillman', 'job': 'Screenplay'}, {'id': 12084, 'name': 'J. David Stem', 'job': 'Screenplay'}, {'id': 12085, 'name': 'David N. Weiss', 'job': 'Screenplay'}, {'id': 5524, 'name': 'Andrew Adamson', 'job': 'Story'}","lan-detected":null,"title-translated":"Shrek 2"},{"id":568124,"title":"Encanto","rating":7.577,"release_date":"2021-10-13T00:00:00.000","runtime":99,"genres":"Animación, Comedia, Familia, Fantasía","votes":9983,"budget":150000000,"revenue":261292688,"language":"en","directors":"{'id': 76595, 'name': 'Byron Howard'}, {'id': 1318201, 'name': 'Jared Bush'}","writers":"{'id': 1710601, 'name': 'Charise Castro Smith', 'job': 'Screenplay'}, {'id': 1318201, 'name': 'Jared Bush', 'job': 'Screenplay'}, {'id': 1710601, 'name': 'Charise Castro Smith', 'job': 'Story'}, {'id': 1318201, 'name': 'Jared Bush', 'job': 'Story'}, {'id': 76595, 'name': 'Byron Howard', 'job': 'Story'}, {'id': 1461394, 'name': 'Jason Hand', 'job': 'Story'}, {'id': 1223634, 'name': 'Nancy Kruse', 'job': 'Story'}, {'id': 1179651, 'name': 'Lin-Manuel Miranda', 'job': 'Story'}","lan-detected":null,"title-translated":"Encanto"},{"id":575264,"title":"Misión: Imposible - Sentencia mortal parte uno","rating":7.515,"release_date":"2023-07-08T00:00:00.000","runtime":164,"genres":"Acción, Suspense, Aventura","votes":4817,"budget":291000000,"revenue":571125435,"language":"en","directors":"{'id': 9033, 'name': 'Christopher McQuarrie'}","writers":"{'id': 9033, 'name': 'Christopher McQuarrie', 'job': 'Writer'}, {'id': 33312, 'name': 'Erik Jendresen', 'job': 'Writer'}","lan-detected":null,"title-translated":"Misión: Imposible - Sentencia mortal parte uno"},{"id":865,"title":"La Carrera Mortal: El sobreviviente","rating":6.543,"release_date":"1987-11-13T00:00:00.000","runtime":141,"genres":"Acción, Suspense, Ciencia ficción","votes":2684,"budget":27000000,"revenue":38122105,"language":"en","directors":"{'id': 12988, 'name': 'Paul Michael Glaser'}","writers":"{'id': 1726, 'name': 'Steven E. de Souza', 'job': 'Screenplay'}","lan-detected":null,"title-translated":"La Carrera Mortal: El sobreviviente"},{"id":1072790,"title":"Con todos menos contigo","rating":6.832,"release_date":"2023-12-21T00:00:00.000","runtime":103,"genres":"Romance, Comedia","votes":2849,"budget":25000000,"revenue":214891370,"language":"en","directors":"{'id': 82511, 'name': 'Will Gluck'}","writers":"{'id': 3652900, 'name': 'Ilana Wolpert', 'job': 'Story'}, {'id': 3652900, 'name': 'Ilana Wolpert', 'job': 'Screenplay'}, {'id': 82511, 'name': 'Will Gluck', 'job': 'Screenplay'}","lan-detected":null,"title-translated":"Con todos menos contigo"},{"id":10625,"title":"Chicas Pesadas","rating":7.223,"release_date":"2004-04-30T00:00:00.000","runtime":97,"genres":"Drama, Comedia","votes":9265,"budget":17000000,"revenue":130193514,"language":"en","directors":"{'id': 54050, 'name': 'Mark Waters'}","writers":"{'id': 56323, 'name': 'Tina Fey', 'job': 'Screenplay'}","lan-detected":null,"title-translated":"Chicas Pesadas"},{"id":286217,"title":"Misión Rescate","rating":7.692,"release_date":"2015-09-30T00:00:00.000","runtime":141,"genres":"Drama, Aventura, Ciencia ficción","votes":20703,"budget":108000000,"revenue":631058917,"language":"en","directors":"{'id': 578, 'name': 'Ridley Scott'}","writers":"{'id': 47506, 'name': 'Drew Goddard', 'job': 'Screenplay'}","lan-detected":null,"title-translated":"Misión Rescate"},{"id":1034541,"title":"Terrifier 3: Payaso Siniestro","rating":6.804,"release_date":"2024-10-09T00:00:00.000","runtime":125,"genres":"Terror, Suspense","votes":1849,"budget":2000000,"revenue":90322103,"language":"en","directors":"{'id': 933176, 'name': 'Damien Leone'}","writers":"{'id': 933176, 'name': 'Damien Leone', 'job': 'Writer'}","lan-detected":null,"title-translated":"Terrifier 3: Payaso Siniestro"},{"id":940551,"title":"¡Patos!","rating":7.367,"release_date":"2023-12-06T00:00:00.000","runtime":83,"genres":"Familia, Comedia, Aventura, Animación","votes":2158,"budget":72000000,"revenue":298776052,"language":"en","directors":"{'id': 1092607, 'name': 'Benjamin Renner'}","writers":"{'id': 17735, 'name': 'Mike White', 'job': 'Story'}, {'id': 1092607, 'name': 'Benjamin Renner', 'job': 'Story'}, {'id': 17735, 'name': 'Mike White', 'job': 'Screenplay'}","lan-detected":null,"title-translated":"¡Patos!"},{"id":857,"title":"Rescatando al soldado Ryan","rating":8.221,"release_date":"1998-07-24T00:00:00.000","runtime":169,"genres":"Bélica, Drama, Historia","votes":16760,"budget":70000000,"revenue":481840909,"language":"en","directors":"{'id': 488, 'name': 'Steven Spielberg'}","writers":"{'id': 12832, 'name': 'Robert Rodat', 'job': 'Writer'}","lan-detected":null,"title-translated":"Rescatando al soldado Ryan"},{"id":648878,"title":"Eddington","rating":6.4,"release_date":"2025-07-16T00:00:00.000","runtime":148,"genres":"Western, Comedia, Crimen","votes":577,"budget":25000000,"revenue":13570360,"language":"en","directors":"{'id': 1145520, 'name': 'Ari Aster'}","writers":"{'id': 1145520, 'name': 'Ari Aster', 'job': 'Writer'}","lan-detected":null,"title-translated":"Eddington"},{"id":293660,"title":"Deadpool","rating":7.623,"release_date":"2016-02-09T00:00:00.000","runtime":108,"genres":"Acción, Aventura, Comedia","votes":32207,"budget":58000000,"revenue":782837347,"language":"en","directors":"{'id': 55252, 'name': 'Tim Miller'}","writers":"{'id': 7932, 'name': 'Rhett Reese', 'job': 'Writer'}, {'id': 91269, 'name': 'Paul Wernick', 'job': 'Writer'}","lan-detected":null,"title-translated":"Deadpool"},{"id":497698,"title":"Black Widow","rating":7.184,"release_date":"2021-07-07T00:00:00.000","runtime":134,"genres":"Acción, Aventura, Ciencia ficción","votes":10935,"budget":200000000,"revenue":379751131,"language":"en","directors":"{'id': 93286, 'name': 'Cate Shortland'}","writers":"{'id': 579281, 'name': 'Eric Pearson', 'job': 'Screenplay'}, {'id': 123132, 'name': 'Jac Schaeffer', 'job': 'Story'}, {'id': 1167896, 'name': 'Ned Benson', 'job': 'Story'}","lan-detected":null,"title-translated":"Black Widow"},{"id":429,"title":"El Bueno, El Malo y El Feo","rating":8.468,"release_date":"1966-12-22T00:00:00.000","runtime":161,"genres":"Western","votes":9326,"budget":1200000,"revenue":38900000,"language":"it","directors":"{'id': 4385, 'name': 'Sergio Leone'}","writers":"{'id': 5810, 'name': 'Luciano Vincenzoni', 'job': 'Screenplay'}, {'id': 4385, 'name': 'Sergio Leone', 'job': 'Screenplay'}, {'id': 5811, 'name': 'Agenore Incrocci', 'job': 'Screenplay'}, {'id': 5810, 'name': 'Luciano Vincenzoni', 'job': 'Story'}, {'id': 5812, 'name': 'Furio Scarpelli', 'job': 'Screenplay'}, {'id': 4385, 'name': 'Sergio Leone', 'job': 'Story'}","lan-detected":null,"title-translated":"El Bueno, El Malo y El Feo"},{"id":10020,"title":"La Bella y La Bestia","rating":7.728,"release_date":"1991-10-22T00:00:00.000","runtime":91,"genres":"Romance, Familia, Animación, Fantasía","votes":10440,"budget":25000000,"revenue":424967620,"language":"en","directors":"{'id': 62047, 'name': 'Gary Trousdale'}, {'id': 62048, 'name': 'Kirk Wise'}","writers":"{'id': 66193, 'name': 'Chris Sanders', 'job': 'Story'}, {'id': 59803, 'name': 'Brenda Chapman', 'job': 'Story'}, {'id': 958881, 'name': 'Robert Lence', 'job': 'Story'}, {'id': 1115298, 'name': 'Bruce Woodside', 'job': 'Story'}, {'id': 1083425, 'name': 'Kevin Harkey', 'job': 'Story'}, {'id': 1033844, 'name': 'Tom Ellery', 'job': 'Story'}, {'id': 15778, 'name': 'Brian Pimental', 'job': 'Story'}, {'id': 38792, 'name': 'Linda Woolverton', 'job': 'Screenplay'}, {'id': 7911, 'name': 'Joe Ranft', 'job': 'Story'}, {'id': 61677, 'name': 'Burny Mattinson', 'job': 'Story'}, {'id': 12079, 'name': 'Kelly Asbury', 'job': 'Story'}, {'id': 15812, 'name': 'Roger Allers', 'job': 'Story'}","lan-detected":null,"title-translated":"La Bella y La Bestia"},{"id":986097,"title":"HIM: El elegido","rating":5.751,"release_date":"2025-09-18T00:00:00.000","runtime":96,"genres":"Terror, Misterio","votes":281,"budget":27000000,"revenue":27834512,"language":"en","directors":"{'id': 1354959, 'name': 'Justin Tipping'}","writers":"{'id': 3582702, 'name': 'Skip Bronkie', 'job': 'Writer'}, {'id': 3582701, 'name': 'Zack Akers', 'job': 'Writer'}, {'id': 1354959, 'name': 'Justin Tipping', 'job': 'Writer'}","lan-detected":null,"title-translated":"HIM: El elegido"},{"id":1585,"title":"¡Qué Bello es Vivir!","rating":8.275,"release_date":"1946-12-20T00:00:00.000","runtime":130,"genres":"Drama, Familia, Fantasía","votes":4722,"budget":3180000,"revenue":9644124,"language":"en","directors":"{'id': 2662, 'name': 'Frank Capra'}","writers":"{'id': 2662, 'name': 'Frank Capra', 'job': 'Screenplay'}, {'id': 26160, 'name': 'Albert Hackett', 'job': 'Screenplay'}, {'id': 26159, 'name': 'Frances Goodrich', 'job': 'Screenplay'}","lan-detected":null,"title-translated":"¡Qué Bello es Vivir!"},{"id":7485,"title":"Tirador","rating":7.123,"release_date":"2007-03-22T00:00:00.000","runtime":124,"genres":"Drama, Acción, Suspense","votes":5263,"budget":61000000,"revenue":95700000,"language":"en","directors":"{'id': 20907, 'name': 'Antoine Fuqua'}","writers":"{'id': 19241, 'name': 'Jonathan Lemkin', 'job': 'Screenplay'}","lan-detected":null,"title-translated":"Tirador"},{"id":9806,"title":"Los increíbles","rating":7.72,"release_date":"2004-11-05T00:00:00.000","runtime":115,"genres":"Acción, Aventura, Animación, Familia","votes":18510,"budget":92000000,"revenue":631442092,"language":"en","directors":"{'id': 7087, 'name': 'Brad Bird'}","writers":"{'id': 7087, 'name': 'Brad Bird', 'job': 'Writer'}","lan-detected":null,"title-translated":"Los increíbles"},{"id":103,"title":"Taxi Driver","rating":8.13,"release_date":"1976-02-09T00:00:00.000","runtime":114,"genres":"Crimen, Drama","votes":13070,"budget":1900000,"revenue":28579636,"language":"en","directors":"{'id': 1032, 'name': 'Martin Scorsese'}","writers":"{'id': 1035, 'name': 'Paul Schrader', 'job': 'Screenplay'}","lan-detected":null,"title-translated":"Taxi Driver"},{"id":2978,"title":"Los Cazafantasmas 2","rating":6.595,"release_date":"1989-06-16T00:00:00.000","runtime":108,"genres":"Comedia, Fantasía","votes":4699,"budget":37000000,"revenue":215394738,"language":"en","directors":"{'id': 8858, 'name': 'Ivan Reitman'}","writers":"{'id': 1524, 'name': 'Harold Ramis', 'job': 'Screenplay'}, {'id': 707, 'name': 'Dan Aykroyd', 'job': 'Screenplay'}","lan-detected":null,"title-translated":"Los Cazafantasmas 2"},{"id":1621,"title":"De mendigo a millonario","rating":7.229,"release_date":"1983-06-07T00:00:00.000","runtime":117,"genres":"Comedia","votes":3547,"budget":15000000,"revenue":90404800,"language":"en","directors":"{'id': 4610, 'name': 'John Landis'}","writers":"{'id': 14711, 'name': 'Timothy Harris', 'job': 'Writer'}, {'id': 14710, 'name': 'Herschel Weingrod', 'job': 'Writer'}","lan-detected":null,"title-translated":"De mendigo a millonario"},{"id":8681,"title":"Búsqueda implacable","rating":7.399,"release_date":"2008-02-18T00:00:00.000","runtime":93,"genres":"Acción, Suspense","votes":11809,"budget":25000000,"revenue":226830568,"language":"en","directors":"{'id': 35453, 'name': 'Pierre Morel'}","writers":"{'id': 59, 'name': 'Luc Besson', 'job': 'Writer'}, {'id': 61, 'name': 'Robert Mark Kamen', 'job': 'Writer'}","lan-detected":null,"title-translated":"Búsqueda implacable"},{"id":652,"title":"Troya","rating":7.164,"release_date":"2004-05-13T00:00:00.000","runtime":163,"genres":"Bélica, Acción, Historia","votes":10768,"budget":175000000,"revenue":497409852,"language":"en","directors":"{'id': 5231, 'name': 'Wolfgang Petersen'}","writers":"{'id': 9813, 'name': 'David Benioff', 'job': 'Screenplay'}","lan-detected":null,"title-translated":"Troya"},{"id":337404,"title":"Cruella","rating":7.98,"release_date":"2021-05-26T00:00:00.000","runtime":134,"genres":"Comedia, Crimen, Aventura","votes":9843,"budget":200000000,"revenue":233503234,"language":"en","directors":"{'id': 50767, 'name': 'Craig Gillespie'}","writers":"{'id': 940376, 'name': 'Kelly Marcel', 'job': 'Story'}, {'id': 45398, 'name': 'Steve Zissis', 'job': 'Story'}, {'id': 56718, 'name': 'Dana Fox', 'job': 'Screenplay'}, {'id': 77723, 'name': 'Tony McNamara', 'job': 'Screenplay'}, {'id': 10567, 'name': 'Aline Brosh McKenna', 'job': 'Story'}","lan-detected":null,"title-translated":"Cruella"},{"id":12,"title":"Buscando a Nemo","rating":7.817,"release_date":"2003-05-30T00:00:00.000","runtime":100,"genres":"Animación, Familia","votes":20142,"budget":94000000,"revenue":940335536,"language":"en","directors":"{'id': 7, 'name': 'Andrew Stanton'}","writers":"{'id': 11, 'name': 'David Reynolds', 'job': 'Screenplay'}, {'id': 10, 'name': 'Bob Peterson', 'job': 'Screenplay'}, {'id': 7, 'name': 'Andrew Stanton', 'job': 'Screenplay'}, {'id': 7, 'name': 'Andrew Stanton', 'job': 'Story'}","lan-detected":null,"title-translated":"Buscando a Nemo"},{"id":763215,"title":"Damsel","rating":6.99,"release_date":"2024-03-07T00:00:00.000","runtime":110,"genres":"Fantasía, Acción, Aventura","votes":2646,"budget":60000000,"revenue":5000,"language":"en","directors":"{'id': 17597, 'name': 'Juan Carlos Fresnadillo'}","writers":"{'id': 937234, 'name': 'Dan Mazeau', 'job': 'Screenplay'}","lan-detected":null,"title-translated":"Damsel"},{"id":271110,"title":"Capitán América: Civil War","rating":7.447,"release_date":"2016-04-27T00:00:00.000","runtime":147,"genres":"Aventura, Acción, Ciencia ficción","votes":23631,"budget":250000000,"revenue":1155046416,"language":"en","directors":"{'id': 19272, 'name': 'Joe Russo'}, {'id': 19271, 'name': 'Anthony Russo'}","writers":"{'id': 5552, 'name': 'Stephen McFeely', 'job': 'Screenplay'}, {'id': 5551, 'name': 'Christopher Markus', 'job': 'Screenplay'}","lan-detected":null,"title-translated":"Capitán América: Civil War"},{"id":315162,"title":"Gato con Botas: El último deseo","rating":8.208,"release_date":"2022-12-07T00:00:00.000","runtime":100,"genres":"Animación, Aventura, Fantasía, Comedia, Familia","votes":8558,"budget":90000000,"revenue":484700000,"language":"en","directors":"{'id': 1450348, 'name': 'Joel Crawford'}","writers":"{'id': 12965, 'name': 'Tommy Swerdlow', 'job': 'Story'}, {'id': 936668, 'name': 'Tom Wheeler', 'job': 'Story'}, {'id': 934181, 'name': 'Paul Fisher', 'job': 'Screenplay'}, {'id': 12965, 'name': 'Tommy Swerdlow', 'job': 'Screenplay'}","lan-detected":null,"title-translated":"Gato con Botas: El último deseo"},{"id":101,"title":"El Perfecto Asesino","rating":8.3,"release_date":"1994-09-14T00:00:00.000","runtime":110,"genres":"Crimen, Drama, Acción","votes":15666,"budget":16000000,"revenue":45284974,"language":"fr","directors":"{'id': 59, 'name': 'Luc Besson'}","writers":"{'id': 59, 'name': 'Luc Besson', 'job': 'Screenplay'}","lan-detected":null,"title-translated":"El Perfecto Asesino"},{"id":507086,"title":"Jurassic World Dominio","rating":6.624,"release_date":"2022-06-01T00:00:00.000","runtime":147,"genres":"Aventura, Acción, Ciencia ficción","votes":6797,"budget":583900000,"revenue":1004004592,"language":"en","directors":"{'id': 930707, 'name': 'Colin Trevorrow'}","writers":"{'id': 1188564, 'name': 'Emily Carmichael', 'job': 'Screenplay'}, {'id': 930707, 'name': 'Colin Trevorrow', 'job': 'Story'}, {'id': 930707, 'name': 'Colin Trevorrow', 'job': 'Screenplay'}, {'id': 1020013, 'name': 'Derek Connolly', 'job': 'Story'}","lan-detected":null,"title-translated":"Jurassic World Dominio"},{"id":210577,"title":"Perdida","rating":7.889,"release_date":"2014-10-01T00:00:00.000","runtime":149,"genres":"Misterio, Suspense, Drama","votes":19519,"budget":61000000,"revenue":370890259,"language":"en","directors":"{'id': 7467, 'name': 'David Fincher'}","writers":"{'id': 1194205, 'name': 'Gillian Flynn', 'job': 'Screenplay'}","lan-detected":null,"title-translated":"Perdida"},{"id":670,"title":"Oldboy: Cinco días para vengarse","rating":8.245,"release_date":"2003-11-21T00:00:00.000","runtime":120,"genres":"Drama, Suspense, Misterio, Acción","votes":9443,"budget":3000000,"revenue":17500000,"language":"ko","directors":"{'id': 10099, 'name': 'Park Chan-wook'}","writers":"{'id': 10102, 'name': 'Hwang Jo-yoon', 'job': 'Screenplay'}, {'id': 10103, 'name': 'Lim Joon-hyung', 'job': 'Screenplay'}, {'id': 10099, 'name': 'Park Chan-wook', 'job': 'Screenplay'}","lan-detected":null,"title-translated":"Oldboy: Cinco días para vengarse"},{"id":447365,"title":"Guardianes de la Galaxia volumen 3","rating":7.931,"release_date":"2023-05-03T00:00:00.000","runtime":150,"genres":"Ciencia ficción, Aventura, Acción","votes":7882,"budget":250000000,"revenue":845550000,"language":"en","directors":"{'id': 15218, 'name': 'James Gunn'}","writers":"{'id': 15218, 'name': 'James Gunn', 'job': 'Writer'}","lan-detected":null,"title-translated":"Guardianes de la Galaxia volumen 3"},{"id":87101,"title":"Terminator: Génesis","rating":5.947,"release_date":"2015-06-23T00:00:00.000","runtime":125,"genres":"Ciencia ficción, Acción, Suspense, Aventura","votes":8785,"budget":155000000,"revenue":440603537,"language":"en","directors":"{'id': 47005, 'name': 'Alan Taylor'}","writers":"{'id': 27226, 'name': 'Patrick Lussier', 'job': 'Screenplay'}, {'id': 20294, 'name': 'Laeta Kalogridis', 'job': 'Screenplay'}","lan-detected":null,"title-translated":"Terminator: Génesis"},{"id":360920,"title":"El Grinch","rating":6.874,"release_date":"2018-11-08T00:00:00.000","runtime":85,"genres":"Familia, Comedia, Animación","votes":4348,"budget":75000000,"revenue":508600000,"language":"en","directors":"{'id': 61300, 'name': 'Yarrow Cheney'}, {'id': 20503, 'name': 'Scott Mosier'}","writers":"{'id': 19273, 'name': 'Michael LeSieur', 'job': 'Screenplay'}, {'id': 12965, 'name': 'Tommy Swerdlow', 'job': 'Screenplay'}","lan-detected":null,"title-translated":"El Grinch"},{"id":10191,"title":"Cómo Entrenar A Tu Dragón","rating":7.855,"release_date":"2010-03-18T00:00:00.000","runtime":98,"genres":"Fantasía, Aventura, Animación, Familia","votes":13984,"budget":165000000,"revenue":495141736,"language":"en","directors":"{'id': 66193, 'name': 'Chris Sanders'}, {'id': 69797, 'name': 'Dean DeBlois'}","writers":"{'id': 69797, 'name': 'Dean DeBlois', 'job': 'Screenplay'}, {'id': 66193, 'name': 'Chris Sanders', 'job': 'Screenplay'}, {'id': 21075, 'name': 'William Davies', 'job': 'Screenplay'}","lan-detected":null,"title-translated":"Cómo Entrenar A Tu Dragón"},{"id":1064213,"title":"Anora","rating":7.1,"release_date":"2024-10-14T00:00:00.000","runtime":139,"genres":"Drama, Comedia, Romance","votes":2845,"budget":6000000,"revenue":56286295,"language":"en","directors":"{'id': 118415, 'name': 'Sean Baker'}","writers":"{'id': 118415, 'name': 'Sean Baker', 'job': 'Writer'}","lan-detected":null,"title-translated":"Anora"},{"id":22164,"title":"Puños mortales","rating":7.353,"release_date":"2009-02-07T00:00:00.000","runtime":93,"genres":"Acción, Crimen, Suspense, Drama","votes":850,"budget":3700000,"revenue":3492,"language":"en","directors":"{'id': 58037, 'name': 'Ben Ramsey'}","writers":"{'id': 1546438, 'name': 'Michael Andrews', 'job': 'Screenplay'}","lan-detected":null,"title-translated":"Puños mortales"},{"id":12153,"title":"¿...Y Dónde Están las Rubias?","rating":6.936,"release_date":"2004-06-23T00:00:00.000","runtime":109,"genres":"Comedia, Crimen","votes":4354,"budget":37000000,"revenue":113100000,"language":"en","directors":"{'id': 35689, 'name': 'Keenen Ivory Wayans'}","writers":"{'id': 71479, 'name': 'Andrew McElfresh', 'job': 'Screenplay'}, {'id': 9562, 'name': 'Marlon Wayans', 'job': 'Screenplay'}, {'id': 71481, 'name': 'Xavier Cook', 'job': 'Screenplay'}, {'id': 35690, 'name': 'Shawn Wayans', 'job': 'Screenplay'}, {'id': 35748, 'name': 'Michael Anthony Snowden', 'job': 'Screenplay'}, {'id': 35689, 'name': 'Keenen Ivory Wayans', 'job': 'Screenplay'}, {'id': 35689, 'name': 'Keenen Ivory Wayans', 'job': 'Story'}, {'id': 9562, 'name': 'Marlon Wayans', 'job': 'Story'}, {'id': 35690, 'name': 'Shawn Wayans', 'job': 'Story'}","lan-detected":null,"title-translated":"¿...Y Dónde Están las Rubias?"},{"id":297762,"title":"Mujer Maravilla","rating":7.2,"release_date":"2017-05-30T00:00:00.000","runtime":141,"genres":"Acción, Aventura, Fantasía","votes":20615,"budget":149000000,"revenue":823970682,"language":"en","directors":"{'id': 6884, 'name': 'Patty Jenkins'}","writers":"{'id': 1213170, 'name': 'Allan Heinberg', 'job': 'Screenplay'}, {'id': 15217, 'name': 'Zack Snyder', 'job': 'Story'}, {'id': 131947, 'name': 'Jason Fuchs', 'job': 'Story'}, {'id': 1213170, 'name': 'Allan Heinberg', 'job': 'Story'}","lan-detected":null,"title-translated":"Mujer Maravilla"},{"id":424,"title":"La Lista de Schindler","rating":8.565,"release_date":"1993-12-15T00:00:00.000","runtime":195,"genres":"Drama, Historia, Bélica","votes":16967,"budget":22000000,"revenue":321365567,"language":"en","directors":"{'id': 488, 'name': 'Steven Spielberg'}","writers":"{'id': 2260, 'name': 'Steven Zaillian', 'job': 'Screenplay'}","lan-detected":null,"title-translated":"La Lista de Schindler"},{"id":333339,"title":"Ready Player One: Comienza el juego","rating":7.585,"release_date":"2018-03-28T00:00:00.000","runtime":140,"genres":"Aventura, Acción, Ciencia ficción","votes":16471,"budget":175000000,"revenue":607274134,"language":"en","directors":"{'id': 488, 'name': 'Steven Spielberg'}","writers":"{'id': 74624, 'name': 'Ernest Cline', 'job': 'Screenplay'}, {'id': 11011, 'name': 'Zak Penn', 'job': 'Screenplay'}","lan-detected":null,"title-translated":"Ready Player One: Comienza el juego"},{"id":290098,"title":"La doncella","rating":8.2,"release_date":"2016-06-01T00:00:00.000","runtime":145,"genres":"Suspense, Drama, Romance","votes":4135,"budget":8575000,"revenue":38600000,"language":"ko","directors":"{'id': 10099, 'name': 'Park Chan-wook'}","writers":"{'id': 10099, 'name': 'Park Chan-wook', 'job': 'Writer'}, {'id': 37928, 'name': 'Chung Seo-kyung', 'job': 'Writer'}","lan-detected":null,"title-translated":"La doncella"},{"id":37165,"title":"The Truman Show: Historia de una Vida","rating":8.149,"release_date":"1998-06-04T00:00:00.000","runtime":103,"genres":"Comedia, Drama","votes":19624,"budget":60000000,"revenue":264118712,"language":"en","directors":"{'id': 2690, 'name': 'Peter Weir'}","writers":"{'id': 8685, 'name': 'Andrew Niccol', 'job': 'Writer'}","lan-detected":null,"title-translated":"The Truman Show: Historia de una Vida"},{"id":170,"title":"Exterminio","rating":7.235,"release_date":"2002-10-31T00:00:00.000","runtime":113,"genres":"Terror, Suspense, Ciencia ficción","votes":8059,"budget":8000000,"revenue":85032676,"language":"en","directors":"{'id': 2034, 'name': 'Danny Boyle'}","writers":"{'id': 2036, 'name': 'Alex Garland', 'job': 'Writer'}","lan-detected":null,"title-translated":"Exterminio"},{"id":49051,"title":"El Hobbit: Un viaje inesperado","rating":7.366,"release_date":"2012-12-12T00:00:00.000","runtime":170,"genres":"Aventura, Fantasía, Acción","votes":19204,"budget":250000000,"revenue":1021103568,"language":"en","directors":"{'id': 108, 'name': 'Peter Jackson'}","writers":"{'id': 10828, 'name': 'Guillermo del Toro', 'job': 'Screenplay'}, {'id': 108, 'name': 'Peter Jackson', 'job': 'Screenplay'}, {'id': 128, 'name': 'Philippa Boyens', 'job': 'Screenplay'}, {'id': 126, 'name': 'Fran Walsh', 'job': 'Screenplay'}","lan-detected":null,"title-translated":"El Hobbit: Un viaje inesperado"},{"id":354912,"title":"Coco","rating":8.2,"release_date":"2017-10-27T00:00:00.000","runtime":109,"genres":"Familia, Animación, Música, Aventura","votes":20536,"budget":175000000,"revenue":814641172,"language":"en","directors":"{'id': 8, 'name': 'Lee Unkrich'}","writers":"{'id': 1684652, 'name': 'Adrian Molina', 'job': 'Screenplay'}, {'id': 74343, 'name': 'Matthew Aldrich', 'job': 'Screenplay'}","lan-detected":null,"title-translated":"Coco"},{"id":138843,"title":"El Conjuro","rating":7.541,"release_date":"2013-07-18T00:00:00.000","runtime":112,"genres":"Terror, Suspense","votes":12416,"budget":13000000,"revenue":321293998,"language":"en","directors":"{'id': 2127, 'name': 'James Wan'}","writers":"{'id': 22038, 'name': 'Carey Hayes', 'job': 'Screenplay'}, {'id': 22039, 'name': 'Chad Hayes', 'job': 'Screenplay'}","lan-detected":null,"title-translated":"El Conjuro"},{"id":324857,"title":"Spider-Man: Un nuevo universo","rating":8.4,"release_date":"2018-12-06T00:00:00.000","runtime":117,"genres":"Animación, Acción, Aventura, Ciencia ficción","votes":16719,"budget":90000000,"revenue":393602435,"language":"en","directors":"{'id': 936670, 'name': 'Bob Persichetti'}, {'id': 151007, 'name': 'Peter Ramsey'}, {'id': 59918, 'name': 'Rodney Rothman'}","writers":"{'id': 107446, 'name': 'Phil Lord', 'job': 'Screenplay'}, {'id': 59918, 'name': 'Rodney Rothman', 'job': 'Screenplay'}, {'id': 107446, 'name': 'Phil Lord', 'job': 'Story'}","lan-detected":null,"title-translated":"Spider-Man: Un nuevo universo"},{"id":453395,"title":"Doctor Strange en el multiverso de la locura","rating":7.234,"release_date":"2022-05-04T00:00:00.000","runtime":126,"genres":"Fantasía, Acción, Aventura","votes":9973,"budget":290000000,"revenue":955775804,"language":"en","directors":"{'id': 7623, 'name': 'Sam Raimi'}","writers":"{'id': 2094567, 'name': 'Michael Waldron', 'job': 'Writer'}","lan-detected":null,"title-translated":"Doctor Strange en el multiverso de la locura"},{"id":1495,"title":"Cruzada","rating":7.009,"release_date":"2005-05-03T00:00:00.000","runtime":144,"genres":"Drama, Acción, Aventura, Historia, Bélica","votes":4727,"budget":130000000,"revenue":218366336,"language":"en","directors":"{'id': 578, 'name': 'Ridley Scott'}","writers":"{'id': 34510, 'name': 'William Monahan', 'job': 'Screenplay'}","lan-detected":null,"title-translated":"Cruzada"},{"id":216015,"title":"Cincuenta Sombras de Grey","rating":5.9,"release_date":"2015-02-11T00:00:00.000","runtime":124,"genres":"Drama, Romance, Suspense","votes":12206,"budget":40000000,"revenue":569651467,"language":"en","directors":"{'id': 1137903, 'name': 'Sam Taylor-Johnson'}","writers":"{'id': 940376, 'name': 'Kelly Marcel', 'job': 'Screenplay'}","lan-detected":null,"title-translated":"Cincuenta Sombras de Grey"},{"id":4348,"title":"Orgullo y Prejuicio","rating":8.1,"release_date":"2005-09-16T00:00:00.000","runtime":127,"genres":"Drama, Romance","votes":8552,"budget":28000000,"revenue":124604345,"language":"en","directors":"{'id': 36588, 'name': 'Joe Wright'}","writers":"{'id': 36652, 'name': 'Deborah Moggach', 'job': 'Screenplay'}","lan-detected":null,"title-translated":"Orgullo y Prejuicio"},{"id":1087891,"title":"El amateur: Operación venganza","rating":6.975,"release_date":"2025-04-09T00:00:00.000","runtime":123,"genres":"Suspense, Acción","votes":1427,"budget":60000000,"revenue":96000836,"language":"en","directors":"{'id': 30310, 'name': 'James Hawes'}","writers":"{'id': 12783, 'name': 'Ken Nolan', 'job': 'Screenplay'}, {'id': 1031259, 'name': 'Gary Spinelli', 'job': 'Screenplay'}","lan-detected":null,"title-translated":"El amateur: Operación venganza"},{"id":285,"title":"Piratas del Caribe 3: En el Fin del Mundo","rating":7.267,"release_date":"2007-05-19T00:00:00.000","runtime":168,"genres":"Aventura, Fantasía, Acción","votes":15123,"budget":300000000,"revenue":961691209,"language":"en","directors":"{'id': 1704, 'name': 'Gore Verbinski'}","writers":"{'id': 1706, 'name': 'Terry Rossio', 'job': 'Screenplay'}, {'id': 1705, 'name': 'Ted Elliott', 'job': 'Screenplay'}","lan-detected":null,"title-translated":"Piratas del Caribe 3: En el Fin del Mundo"},{"id":244786,"title":"Whiplash: Música y Obsesión","rating":8.375,"release_date":"2014-10-10T00:00:00.000","runtime":107,"genres":"Drama, Música","votes":16175,"budget":3300000,"revenue":50307484,"language":"en","directors":"{'id': 136495, 'name': 'Damien Chazelle'}","writers":"{'id': 136495, 'name': 'Damien Chazelle', 'job': 'Writer'}","lan-detected":null,"title-translated":"Whiplash: Música y Obsesión"},{"id":4935,"title":"El increíble castillo vagabundo","rating":8.389,"release_date":"2004-09-09T00:00:00.000","runtime":120,"genres":"Fantasía, Animación, Aventura","votes":10710,"budget":24000000,"revenue":236049757,"language":"ja","directors":"{'id': 608, 'name': 'Hayao Miyazaki'}","writers":"{'id': 608, 'name': 'Hayao Miyazaki', 'job': 'Screenplay'}","lan-detected":null,"title-translated":"El increíble castillo vagabundo"},{"id":429617,"title":"Spider-Man 2: Lejos de Casa","rating":7.399,"release_date":"2019-06-28T00:00:00.000","runtime":130,"genres":"Acción, Aventura, Ciencia ficción","votes":16562,"budget":160000000,"revenue":1132723226,"language":"en","directors":"{'id': 1293994, 'name': 'Jon Watts'}","writers":"{'id': 1246890, 'name': 'Chris McKenna', 'job': 'Writer'}, {'id': 1350918, 'name': 'Erik Sommers', 'job': 'Screenplay'}","lan-detected":null,"title-translated":"Spider-Man 2: Lejos de Casa"},{"id":18785,"title":"¿Qué Pasó Ayer?","rating":7.328,"release_date":"2009-06-02T00:00:00.000","runtime":100,"genres":"Comedia","votes":17708,"budget":35000000,"revenue":469310836,"language":"en","directors":"{'id': 57130, 'name': 'Todd Phillips'}","writers":"{'id': 52114, 'name': 'Jon Lucas', 'job': 'Screenplay'}, {'id': 52115, 'name': 'Scott Moore', 'job': 'Screenplay'}","lan-detected":null,"title-translated":"¿Qué Pasó Ayer?"},{"id":11324,"title":"La Isla Siniestra","rating":8.202,"release_date":"2010-02-14T00:00:00.000","runtime":138,"genres":"Drama, Suspense, Misterio","votes":25213,"budget":80000000,"revenue":294804195,"language":"en","directors":"{'id': 1032, 'name': 'Martin Scorsese'}","writers":"{'id': 20294, 'name': 'Laeta Kalogridis', 'job': 'Screenplay'}","lan-detected":null,"title-translated":"La Isla Siniestra"},{"id":1328803,"title":"Prisionero de guerra","rating":7.177,"release_date":"2025-09-19T00:00:00.000","runtime":113,"genres":"Acción, Bélica, Suspense, Historia","votes":130,"budget":2000000,"revenue":94700000,"language":"en","directors":"{'id': 54649, 'name': 'Louis Mandylor'}","writers":"{'id': 86521, 'name': 'Marc Clebanoff', 'job': 'Writer'}, {'id': 78110, 'name': 'Scott Adkins', 'job': 'Writer'}","lan-detected":null,"title-translated":"Prisionero de guerra"},{"id":539972,"title":"Kraven el cazador","rating":6.452,"release_date":"2024-12-11T00:00:00.000","runtime":127,"genres":"Acción, Aventura, Suspense","votes":2158,"budget":130000000,"revenue":62076533,"language":"en","directors":"{'id': 556172, 'name': 'J.C. Chandor'}","writers":"{'id': 18873, 'name': 'Art Marcum', 'job': 'Screenplay'}, {'id': 18875, 'name': 'Matt Holloway', 'job': 'Screenplay'}, {'id': 22814, 'name': 'Richard Wenk', 'job': 'Screenplay'}, {'id': 22814, 'name': 'Richard Wenk', 'job': 'Story'}","lan-detected":null,"title-translated":"Kraven el cazador"},{"id":16869,"title":"Bastardos sin gloria","rating":8.215,"release_date":"2009-08-02T00:00:00.000","runtime":153,"genres":"Drama, Suspense, Bélica","votes":23563,"budget":70000000,"revenue":321457747,"language":"en","directors":"{'id': 138, 'name': 'Quentin Tarantino'}","writers":"{'id': 138, 'name': 'Quentin Tarantino', 'job': 'Writer'}","lan-detected":null,"title-translated":"Bastardos sin gloria"},{"id":58,"title":"Piratas del Caribe 2: El Cofre de la Muerte","rating":7.375,"release_date":"2006-07-06T00:00:00.000","runtime":151,"genres":"Aventura, Fantasía, Acción","votes":16791,"budget":200000000,"revenue":1066179747,"language":"en","directors":"{'id': 1704, 'name': 'Gore Verbinski'}","writers":"{'id': 1705, 'name': 'Ted Elliott', 'job': 'Screenplay'}, {'id': 1706, 'name': 'Terry Rossio', 'job': 'Screenplay'}","lan-detected":null,"title-translated":"Piratas del Caribe 2: El Cofre de la Muerte"},{"id":1011985,"title":"Kung Fu Panda 4","rating":7.019,"release_date":"2024-03-02T00:00:00.000","runtime":93,"genres":"Animación, Familia, Acción, Comedia, Aventura, Fantasía","votes":3329,"budget":80000000,"revenue":548040835,"language":"en","directors":"{'id': 64151, 'name': 'Mike Mitchell'}","writers":"{'id': 57744, 'name': 'Jonathan Aibel', 'job': 'Writer'}, {'id': 57743, 'name': 'Glenn Berger', 'job': 'Writer'}, {'id': 582919, 'name': 'Darren Lemke', 'job': 'Writer'}","lan-detected":null,"title-translated":"Kung Fu Panda 4"},{"id":1220564,"title":"El agente secreto","rating":7.9,"release_date":"2025-07-23T00:00:00.000","runtime":158,"genres":"Crimen, Drama, Suspense","votes":127,"budget":5000000,"revenue":820655,"language":"pt","directors":"{'id': 1016214, 'name': 'Kleber Mendonça Filho'}","writers":"{'id': 1016214, 'name': 'Kleber Mendonça Filho', 'job': 'Writer'}","lan-detected":null,"title-translated":"El agente secreto"},{"id":447273,"title":"Blanca Nieves","rating":4.3,"release_date":"2025-03-19T00:00:00.000","runtime":109,"genres":"Familia, Fantasía","votes":1492,"budget":270000000,"revenue":205679463,"language":"en","directors":"{'id': 87742, 'name': 'Marc Webb'}","writers":"{'id': 67796, 'name': 'Erin Cressida Wilson', 'job': 'Screenplay'}","lan-detected":null,"title-translated":"Blanca Nieves"},{"id":1186350,"title":"Marco","rating":6.6,"release_date":"2024-12-20T00:00:00.000","runtime":145,"genres":"Acción, Crimen, Suspense","votes":95,"budget":3467000,"revenue":11559000,"language":"ml","directors":"{'id': 1717375, 'name': 'Haneef Adeni'}","writers":"{'id': 1717375, 'name': 'Haneef Adeni', 'job': 'Writer'}","lan-detected":null,"title-translated":"Marco"},{"id":564,"title":"La Momia","rating":6.955,"release_date":"1999-04-16T00:00:00.000","runtime":125,"genres":"Aventura, Acción, Fantasía","votes":9656,"budget":80000000,"revenue":415885488,"language":"en","directors":"{'id': 7775, 'name': 'Stephen Sommers'}","writers":"{'id': 7775, 'name': 'Stephen Sommers', 'job': 'Screenplay'}","lan-detected":null,"title-translated":"La Momia"},{"id":111,"title":"Caracortada","rating":8.2,"release_date":"1983-12-09T00:00:00.000","runtime":170,"genres":"Acción, Crimen, Drama","votes":12643,"budget":25000000,"revenue":66023329,"language":"en","directors":"{'id': 1150, 'name': 'Brian De Palma'}","writers":"{'id': 1152, 'name': 'Oliver Stone', 'job': 'Screenplay'}","lan-detected":null,"title-translated":"Caracortada"},{"id":49026,"title":"Batman: El caballero de la noche asciende","rating":7.79,"release_date":"2012-07-17T00:00:00.000","runtime":165,"genres":"Acción, Crimen, Drama, Suspense","votes":23848,"budget":250000000,"revenue":1081041287,"language":"en","directors":"{'id': 525, 'name': 'Christopher Nolan'}","writers":"{'id': 3893, 'name': 'David S. Goyer', 'job': 'Story'}, {'id': 527, 'name': 'Jonathan Nolan', 'job': 'Screenplay'}, {'id': 525, 'name': 'Christopher Nolan', 'job': 'Screenplay'}, {'id': 525, 'name': 'Christopher Nolan', 'job': 'Story'}","lan-detected":null,"title-translated":"Batman: El caballero de la noche asciende"},{"id":315635,"title":"Spider-Man: De regreso a casa","rating":7.33,"release_date":"2017-07-05T00:00:00.000","runtime":133,"genres":"Acción, Aventura, Ciencia ficción","votes":22721,"budget":175000000,"revenue":880978185,"language":"en","directors":"{'id': 1293994, 'name': 'Jon Watts'}","writers":"{'id': 1236679, 'name': 'Jonathan Goldstein', 'job': 'Screenplay'}, {'id': 52935, 'name': 'John Francis Daley', 'job': 'Screenplay'}, {'id': 1293994, 'name': 'Jon Watts', 'job': 'Screenplay'}, {'id': 101814, 'name': 'Christopher Ford', 'job': 'Screenplay'}, {'id': 1246890, 'name': 'Chris McKenna', 'job': 'Screenplay'}, {'id': 1350918, 'name': 'Erik Sommers', 'job': 'Screenplay'}","lan-detected":null,"title-translated":"Spider-Man: De regreso a casa"},{"id":524047,"title":"El Día del Fin del Mundo","rating":7.12,"release_date":"2020-07-29T00:00:00.000","runtime":120,"genres":"Acción, Aventura, Suspense, Ciencia ficción","votes":4882,"budget":34000000,"revenue":52300000,"language":"en","directors":"{'id': 76422, 'name': 'Ric Roman Waugh'}","writers":"{'id': 95321, 'name': 'Chris Sparling', 'job': 'Writer'}","lan-detected":null,"title-translated":"El Día del Fin del Mundo"},{"id":1097549,"title":"Babygirl: Deseo Prohibido","rating":5.712,"release_date":"2024-12-25T00:00:00.000","runtime":115,"genres":"Drama, Romance","votes":1061,"budget":20000000,"revenue":60934894,"language":"en","directors":"{'id': 39847, 'name': 'Halina Reijn'}","writers":"{'id': 39847, 'name': 'Halina Reijn', 'job': 'Writer'}","lan-detected":null,"title-translated":"Babygirl: Deseo Prohibido"},{"id":272,"title":"Batman inicia","rating":7.72,"release_date":"2005-06-10T00:00:00.000","runtime":140,"genres":"Drama, Crimen, Acción","votes":22101,"budget":150000000,"revenue":374218673,"language":"en","directors":"{'id': 525, 'name': 'Christopher Nolan'}","writers":"{'id': 3893, 'name': 'David S. Goyer', 'job': 'Screenplay'}, {'id': 525, 'name': 'Christopher Nolan', 'job': 'Screenplay'}","lan-detected":null,"title-translated":"Batman inicia"},{"id":578,"title":"Tiburón","rating":7.7,"release_date":"1975-06-20T00:00:00.000","runtime":124,"genres":"Terror, Suspense, Aventura","votes":11229,"budget":7000000,"revenue":470653000,"language":"en","directors":"{'id': 488, 'name': 'Steven Spielberg'}","writers":"{'id': 8555, 'name': 'Carl Gottlieb', 'job': 'Screenplay'}, {'id': 8554, 'name': 'Peter Benchley', 'job': 'Screenplay'}","lan-detected":null,"title-translated":"Tiburón"},{"id":82702,"title":"Cómo entrenar a tu dragón 2","rating":7.677,"release_date":"2014-06-05T00:00:00.000","runtime":102,"genres":"Fantasía, Acción, Aventura, Animación, Comedia, Familia","votes":10169,"budget":145000000,"revenue":621537519,"language":"en","directors":"{'id': 69797, 'name': 'Dean DeBlois'}","writers":"{'id': 69797, 'name': 'Dean DeBlois', 'job': 'Writer'}","lan-detected":null,"title-translated":"Cómo entrenar a tu dragón 2"},{"id":11010,"title":"Il postino","rating":7.922,"release_date":"1994-09-22T00:00:00.000","runtime":109,"genres":"Comedia, Drama, Romance","votes":1189,"budget":3000000,"revenue":33000000,"language":"it","directors":"{'id': 28898, 'name': 'Michael Radford'}","writers":"{'id': 5812, 'name': 'Furio Scarpelli', 'job': 'Story'}, {'id': 67790, 'name': 'Giacomo Scarpelli', 'job': 'Story'}, {'id': 67792, 'name': 'Massimo Troisi', 'job': 'Screenplay'}, {'id': 28898, 'name': 'Michael Radford', 'job': 'Screenplay'}","lan-detected":null,"title-translated":"Il postino"},{"id":1241436,"title":"Tiempo de guerra","rating":7.089,"release_date":"2025-04-09T00:00:00.000","runtime":96,"genres":"Bélica, Acción","votes":1216,"budget":20000000,"revenue":33649631,"language":"en","directors":"{'id': 3608245, 'name': 'Ray Mendoza'}, {'id': 2036, 'name': 'Alex Garland'}","writers":"{'id': 2036, 'name': 'Alex Garland', 'job': 'Writer'}, {'id': 3608245, 'name': 'Ray Mendoza', 'job': 'Writer'}","lan-detected":null,"title-translated":"Tiempo de guerra"},{"id":150540,"title":"Intensa-Mente","rating":7.91,"release_date":"2015-06-17T00:00:00.000","runtime":94,"genres":"Animación, Familia, Aventura, Drama, Comedia","votes":23039,"budget":175000000,"revenue":857611174,"language":"en","directors":"{'id': 12890, 'name': 'Pete Docter'}","writers":"{'id': 1457025, 'name': 'Meg LeFauve', 'job': 'Screenplay'}, {'id': 84496, 'name': 'Josh Cooley', 'job': 'Screenplay'}, {'id': 12890, 'name': 'Pete Docter', 'job': 'Screenplay'}","lan-detected":null,"title-translated":"Intensa-Mente"},{"id":99861,"title":"Avengers 2: Era de Ultrón","rating":7.271,"release_date":"2015-04-22T00:00:00.000","runtime":141,"genres":"Acción, Aventura, Ciencia ficción","votes":23976,"budget":235000000,"revenue":1405403694,"language":"en","directors":"{'id': 12891, 'name': 'Joss Whedon'}","writers":"{'id': 12891, 'name': 'Joss Whedon', 'job': 'Writer'}","lan-detected":null,"title-translated":"Avengers 2: Era de Ultrón"},{"id":912649,"title":"Venom: El último baile","rating":6.67,"release_date":"2024-10-22T00:00:00.000","runtime":109,"genres":"Acción, Ciencia ficción, Aventura","votes":3938,"budget":120000000,"revenue":478937618,"language":"en","directors":"{'id': 940376, 'name': 'Kelly Marcel'}","writers":"{'id': 940376, 'name': 'Kelly Marcel', 'job': 'Screenplay'}, {'id': 940376, 'name': 'Kelly Marcel', 'job': 'Story'}, {'id': 2524, 'name': 'Tom Hardy', 'job': 'Story'}","lan-detected":null,"title-translated":"Venom: El último baile"},{"id":475557,"title":"Guasón","rating":8.129,"release_date":"2019-10-01T00:00:00.000","runtime":122,"genres":"Crimen, Suspense, Drama","votes":27139,"budget":55000000,"revenue":1078958629,"language":"en","directors":"{'id': 57130, 'name': 'Todd Phillips'}","writers":"{'id': 57130, 'name': 'Todd Phillips', 'job': 'Writer'}, {'id': 324, 'name': 'Scott Silver', 'job': 'Writer'}","lan-detected":null,"title-translated":"Guasón"},{"id":889737,"title":"Guasón 2: Folie à Deux","rating":5.411,"release_date":"2024-10-01T00:00:00.000","runtime":138,"genres":"Drama, Crimen, Suspense","votes":2730,"budget":190000000,"revenue":207500287,"language":"en","directors":"{'id': 57130, 'name': 'Todd Phillips'}","writers":"{'id': 324, 'name': 'Scott Silver', 'job': 'Writer'}, {'id': 57130, 'name': 'Todd Phillips', 'job': 'Writer'}","lan-detected":null,"title-translated":"Guasón 2: Folie à Deux"},{"id":14836,"title":"Coraline y la puerta secreta","rating":7.9,"release_date":"2009-02-05T00:00:00.000","runtime":100,"genres":"Animación, Familia, Fantasía","votes":8712,"budget":60000000,"revenue":185860104,"language":"en","directors":"{'id': 57646, 'name': 'Henry Selick'}","writers":"{'id': 57646, 'name': 'Henry Selick', 'job': 'Screenplay'}","lan-detected":null,"title-translated":"Coraline y la puerta secreta"},{"id":98,"title":"Gladiador","rating":8.221,"release_date":"2000-05-04T00:00:00.000","runtime":155,"genres":"Acción, Drama, Aventura","votes":20368,"budget":103000000,"revenue":465516248,"language":"en","directors":"{'id': 578, 'name': 'Ridley Scott'}","writers":"{'id': 929, 'name': 'David Franzoni', 'job': 'Screenplay'}, {'id': 932, 'name': 'John Logan', 'job': 'Screenplay'}, {'id': 933, 'name': 'William Nicholson', 'job': 'Screenplay'}, {'id': 929, 'name': 'David Franzoni', 'job': 'Story'}","lan-detected":null,"title-translated":"Gladiador"},{"id":1042834,"title":"Eden","rating":6.726,"release_date":"2025-04-03T00:00:00.000","runtime":129,"genres":"Suspense, Drama","votes":502,"budget":50000000,"revenue":1907486,"language":"en","directors":"{'id': 6159, 'name': 'Ron Howard'}","writers":"{'id': 1383321, 'name': 'Noah Pink', 'job': 'Screenplay'}, {'id': 6159, 'name': 'Ron Howard', 'job': 'Story'}, {'id': 1383321, 'name': 'Noah Pink', 'job': 'Story'}","lan-detected":null,"title-translated":"Eden"},{"id":945961,"title":"Alien: Romulus","rating":7.176,"release_date":"2024-08-13T00:00:00.000","runtime":119,"genres":"Terror, Ciencia ficción","votes":4182,"budget":80000000,"revenue":350865342,"language":"en","directors":"{'id': 932248, 'name': 'Fede Álvarez'}","writers":"{'id': 932248, 'name': 'Fede Álvarez', 'job': 'Writer'}, {'id': 1046225, 'name': 'Rodo Sayagues', 'job': 'Writer'}","lan-detected":null,"title-translated":"Alien: Romulus"},{"id":8966,"title":"Crepúsculo","rating":6.3,"release_date":"2008-11-20T00:00:00.000","runtime":122,"genres":"Fantasía, Drama, Romance","votes":14151,"budget":37000000,"revenue":393616788,"language":"en","directors":"{'id': 19850, 'name': 'Catherine Hardwicke'}","writers":"{'id': 56855, 'name': 'Melissa Rosenberg', 'job': 'Screenplay'}","lan-detected":null,"title-translated":"Crepúsculo"},{"id":507244,"title":"Cazadores Del Fin Del Mundo","rating":6.58,"release_date":"2025-08-20T00:00:00.000","runtime":105,"genres":"Ciencia ficción, Acción, Comedia","votes":157,"budget":60000000,"revenue":184758,"language":"en","directors":"{'id': 131532, 'name': 'J.J. Perry'}","writers":"{'id': 66824, 'name': 'Matt Johnson', 'job': 'Writer'}, {'id': 41671, 'name': 'Nimród Antal', 'job': 'Writer'}","lan-detected":null,"title-translated":"Cazadores Del Fin Del Mundo"},{"id":823464,"title":"Godzilla y Kong: El nuevo imperio","rating":7.065,"release_date":"2024-03-27T00:00:00.000","runtime":115,"genres":"Acción, Aventura, Ciencia ficción","votes":4454,"budget":150000000,"revenue":571750016,"language":"en","directors":"{'id': 98631, 'name': 'Adam Wingard'}","writers":"{'id': 1706, 'name': 'Terry Rossio', 'job': 'Screenplay'}, {'id': 83858, 'name': 'Simon Barrett', 'job': 'Screenplay'}, {'id': 98631, 'name': 'Adam Wingard', 'job': 'Story'}, {'id': 1147923, 'name': 'Jeremy Slater', 'job': 'Screenplay'}, {'id': 83858, 'name': 'Simon Barrett', 'job': 'Story'}, {'id': 1706, 'name': 'Terry Rossio', 'job': 'Story'}","lan-detected":null,"title-translated":"Godzilla y Kong: El nuevo imperio"},{"id":348,"title":"Alien: El Octavo Pasajero","rating":8.165,"release_date":"1979-05-25T00:00:00.000","runtime":117,"genres":"Terror, Ciencia ficción","votes":15878,"budget":11000000,"revenue":104931801,"language":"en","directors":"{'id': 578, 'name': 'Ridley Scott'}","writers":"{'id': 5046, 'name': 'Ronald Shusett', 'job': 'Story'}, {'id': 5045, 'name': \"Dan O'Bannon\", 'job': 'Story'}, {'id': 5045, 'name': \"Dan O'Bannon\", 'job': 'Screenplay'}","lan-detected":null,"title-translated":"Alien: El Octavo Pasajero"},{"id":762509,"title":"Mufasa: El rey león","rating":7.335,"release_date":"2024-12-18T00:00:00.000","runtime":118,"genres":"Aventura, Familia, Animación","votes":2488,"budget":200000000,"revenue":722631756,"language":"en","directors":"{'id': 92784, 'name': 'Barry Jenkins'}","writers":"{'id': 2689, 'name': 'Jeff Nathanson', 'job': 'Screenplay'}","lan-detected":null,"title-translated":"Mufasa: El rey león"},{"id":38757,"title":"Enredados","rating":7.61,"release_date":"2010-11-24T00:00:00.000","runtime":100,"genres":"Animación, Familia, Aventura","votes":12089,"budget":260000000,"revenue":592461732,"language":"en","directors":"{'id': 76595, 'name': 'Byron Howard'}, {'id': 121830, 'name': 'Nathan Greno'}","writers":"{'id': 15892, 'name': 'Dan Fogelman', 'job': 'Screenplay'}","lan-detected":null,"title-translated":"Enredados"},{"id":106646,"title":"El Lobo de Wall Street","rating":8.026,"release_date":"2013-12-25T00:00:00.000","runtime":180,"genres":"Crimen, Drama, Comedia","votes":25331,"budget":100000000,"revenue":407038432,"language":"en","directors":"{'id': 1032, 'name': 'Martin Scorsese'}","writers":"{'id': 62635, 'name': 'Terence Winter', 'job': 'Screenplay'}","lan-detected":null,"title-translated":"El Lobo de Wall Street"},{"id":571468,"title":"Freaks Out","rating":7.264,"release_date":"2021-10-28T00:00:00.000","runtime":141,"genres":"Aventura, Fantasía, Drama","votes":938,"budget":12000000,"revenue":3279079,"language":"it","directors":"{'id': 1130801, 'name': 'Gabriele Mainetti'}","writers":"{'id': 1284972, 'name': 'Nicola Guaglianone', 'job': 'Story'}, {'id': 1130801, 'name': 'Gabriele Mainetti', 'job': 'Screenplay'}, {'id': 1284972, 'name': 'Nicola Guaglianone', 'job': 'Screenplay'}","lan-detected":null,"title-translated":"Freaks Out"},{"id":557,"title":"El hombre araña","rating":7.318,"release_date":"2002-05-01T00:00:00.000","runtime":121,"genres":"Acción, Ciencia ficción","votes":20159,"budget":139000000,"revenue":821708551,"language":"en","directors":"{'id': 7623, 'name': 'Sam Raimi'}","writers":"{'id': 508, 'name': 'David Koepp', 'job': 'Screenplay'}","lan-detected":null,"title-translated":"El hombre araña"},{"id":1865,"title":"Piratas del Caribe 4: Navegando Aguas Misteriosas","rating":6.565,"release_date":"2011-05-15T00:00:00.000","runtime":141,"genres":"Aventura, Acción, Fantasía","votes":14662,"budget":379000000,"revenue":1046721266,"language":"en","directors":"{'id': 17633, 'name': 'Rob Marshall'}","writers":"{'id': 1705, 'name': 'Ted Elliott', 'job': 'Screenplay'}, {'id': 1706, 'name': 'Terry Rossio', 'job': 'Screenplay'}","lan-detected":null,"title-translated":"Piratas del Caribe 4: Navegando Aguas Misteriosas"},{"id":198663,"title":"Maze Runner: Correr o morir","rating":7.191,"release_date":"2014-09-10T00:00:00.000","runtime":113,"genres":"Acción, Misterio, Ciencia ficción, Suspense","votes":17771,"budget":34000000,"revenue":348319861,"language":"en","directors":"{'id': 1179066, 'name': 'Wes Ball'}","writers":"{'id': 1257095, 'name': 'Grant Pierce Myers', 'job': 'Screenplay'}, {'id': 1227160, 'name': 'Noah Oppenheim', 'job': 'Screenplay'}, {'id': 1257144, 'name': 'T.S. Nowlin', 'job': 'Screenplay'}","lan-detected":null,"title-translated":"Maze Runner: Correr o morir"},{"id":1011477,"title":"Karate Kid: Leyendas","rating":7.076,"release_date":"2025-05-08T00:00:00.000","runtime":94,"genres":"Acción, Aventura, Drama","votes":1059,"budget":45000000,"revenue":117105466,"language":"en","directors":"{'id': 1674284, 'name': 'Jonathan Entwistle'}","writers":"{'id': 1203521, 'name': 'Rob Lieber', 'job': 'Writer'}","lan-detected":null,"title-translated":"Karate Kid: Leyendas"},{"id":10192,"title":"Shrek 4: Para Siempre","rating":6.4,"release_date":"2010-05-20T00:00:00.000","runtime":94,"genres":"Comedia, Aventura, Fantasía, Animación, Familia","votes":7771,"budget":165000000,"revenue":752600867,"language":"en","directors":"{'id': 64151, 'name': 'Mike Mitchell'}","writers":"{'id': 113664, 'name': 'Josh Klausner', 'job': 'Writer'}, {'id': 582919, 'name': 'Darren Lemke', 'job': 'Writer'}","lan-detected":null,"title-translated":"Shrek 4: Para Siempre"},{"id":1125257,"title":"Otro viernes de locos","rating":6.9,"release_date":"2025-08-06T00:00:00.000","runtime":110,"genres":"Comedia, Fantasía, Familia","votes":557,"budget":42000000,"revenue":153176952,"language":"en","directors":"{'id': 1239766, 'name': 'Nisha Ganatra'}","writers":"{'id': 2186479, 'name': 'Jordan Weiss', 'job': 'Screenplay'}, {'id': 2112461, 'name': 'Elyse Hollander', 'job': 'Story'}, {'id': 2186479, 'name': 'Jordan Weiss', 'job': 'Story'}","lan-detected":null,"title-translated":"Otro viernes de locos"},{"id":10681,"title":"WALL·E","rating":8.106,"release_date":"2008-06-22T00:00:00.000","runtime":103,"genres":"Animación, Familia, Ciencia ficción","votes":19779,"budget":180000000,"revenue":521311860,"language":"en","directors":"{'id': 7, 'name': 'Andrew Stanton'}","writers":"{'id': 7, 'name': 'Andrew Stanton', 'job': 'Screenplay'}, {'id': 15020, 'name': 'Jim Reardon', 'job': 'Screenplay'}","lan-detected":null,"title-translated":"WALL·E"},{"id":218,"title":"Terminator: El Exterminador","rating":7.673,"release_date":"1984-10-26T00:00:00.000","runtime":108,"genres":"Acción, Suspense, Ciencia ficción","votes":14153,"budget":6400000,"revenue":78371200,"language":"en","directors":"{'id': 2710, 'name': 'James Cameron'}","writers":"{'id': 2710, 'name': 'James Cameron', 'job': 'Writer'}, {'id': 869, 'name': 'Gale Anne Hurd', 'job': 'Writer'}","lan-detected":null,"title-translated":"Terminator: El Exterminador"},{"id":1084199,"title":"Compañera perfecta","rating":7.039,"release_date":"2025-01-22T00:00:00.000","runtime":97,"genres":"Suspense, Ciencia ficción, Terror","votes":1977,"budget":10000000,"revenue":36809101,"language":"en","directors":"{'id': 1087245, 'name': 'Drew Hancock'}","writers":"{'id': 1087245, 'name': 'Drew Hancock', 'job': 'Writer'}","lan-detected":null,"title-translated":"Compañera perfecta"},{"id":601,"title":"E.T. El Extraterrestre","rating":7.511,"release_date":"1982-06-11T00:00:00.000","runtime":115,"genres":"Ciencia ficción, Aventura, Familia, Fantasía","votes":11725,"budget":10500000,"revenue":797307407,"language":"en","directors":"{'id': 488, 'name': 'Steven Spielberg'}","writers":"{'id': 9964, 'name': 'Melissa Mathison', 'job': 'Screenplay'}","lan-detected":null,"title-translated":"E.T. El Extraterrestre"},{"id":269148,"title":"Samba","rating":6.352,"release_date":"2014-10-15T00:00:00.000","runtime":115,"genres":"Drama, Comedia","votes":972,"budget":20000000,"revenue":151530,"language":"fr","directors":"{'id': 84425, 'name': 'Éric Toledano'}, {'id': 84426, 'name': 'Olivier Nakache'}","writers":"{'id': 84426, 'name': 'Olivier Nakache', 'job': 'Writer'}, {'id': 84425, 'name': 'Éric Toledano', 'job': 'Writer'}","lan-detected":null,"title-translated":"Samba"},{"id":1071585,"title":"M3GAN 2.0","rating":7.342,"release_date":"2025-06-25T00:00:00.000","runtime":120,"genres":"Acción, Ciencia ficción, Suspense","votes":1067,"budget":15000000,"revenue":39083707,"language":"en","directors":"{'id': 1288796, 'name': 'Gerard Johnstone'}","writers":"{'id': 1288796, 'name': 'Gerard Johnstone', 'job': 'Writer'}, {'id': 1327476, 'name': 'Akela Cooper', 'job': 'Story'}, {'id': 1288796, 'name': 'Gerard Johnstone', 'job': 'Story'}","lan-detected":null,"title-translated":"M3GAN 2.0"},{"id":840326,"title":"Sisu","rating":7.422,"release_date":"2022-09-09T00:00:00.000","runtime":60,"genres":"Acción, Bélica","votes":2625,"budget":6600000,"revenue":14281199,"language":"fi","directors":"{'id': 145228, 'name': 'Jalmari Helander'}","writers":"{'id': 145228, 'name': 'Jalmari Helander', 'job': 'Writer'}","lan-detected":null,"title-translated":"Sisu"},{"id":12445,"title":"Harry Potter y las reliquias de la muerte: Parte 2","rating":8.083,"release_date":"2011-07-12T00:00:00.000","runtime":130,"genres":"Aventura, Fantasía","votes":21555,"budget":125000000,"revenue":1341511219,"language":"en","directors":"{'id': 11343, 'name': 'David Yates'}","writers":"{'id': 10967, 'name': 'Steve Kloves', 'job': 'Screenplay'}","lan-detected":null,"title-translated":"Harry Potter y las reliquias de la muerte: Parte 2"},{"id":497,"title":"Milagros Inesperados","rating":8.503,"release_date":"1999-12-10T00:00:00.000","runtime":189,"genres":"Fantasía, Drama, Crimen","votes":18690,"budget":60000000,"revenue":286801374,"language":"en","directors":"{'id': 4027, 'name': 'Frank Darabont'}","writers":"{'id': 4027, 'name': 'Frank Darabont', 'job': 'Screenplay'}","lan-detected":null,"title-translated":"Milagros Inesperados"},{"id":1726,"title":"Iron man - El hombre de hierro","rating":7.655,"release_date":"2008-04-30T00:00:00.000","runtime":126,"genres":"Acción, Ciencia ficción, Aventura","votes":27606,"budget":140000000,"revenue":585174222,"language":"en","directors":"{'id': 15277, 'name': 'Jon Favreau'}","writers":"{'id': 79209, 'name': 'Hawk Ostby', 'job': 'Screenplay'}, {'id': 18875, 'name': 'Matt Holloway', 'job': 'Screenplay'}, {'id': 18873, 'name': 'Art Marcum', 'job': 'Screenplay'}, {'id': 79207, 'name': 'Mark Fergus', 'job': 'Screenplay'}","lan-detected":null,"title-translated":"Iron man - El hombre de hierro"},{"id":933260,"title":"La sustancia","rating":7.144,"release_date":"2024-09-07T00:00:00.000","runtime":140,"genres":"Terror, Ciencia ficción, Suspense","votes":5519,"budget":17500000,"revenue":76506196,"language":"en","directors":"{'id': 1607016, 'name': 'Coralie Fargeat'}","writers":"{'id': 1607016, 'name': 'Coralie Fargeat', 'job': 'Writer'}","lan-detected":null,"title-translated":"La sustancia"},{"id":22,"title":"Piratas del Caribe: La Maldición del Perla Negra","rating":7.818,"release_date":"2003-07-09T00:00:00.000","runtime":143,"genres":"Aventura, Fantasía, Acción","votes":21726,"budget":140000000,"revenue":655011224,"language":"en","directors":"{'id': 1704, 'name': 'Gore Verbinski'}","writers":"{'id': 1705, 'name': 'Ted Elliott', 'job': 'Screenplay'}, {'id': 1706, 'name': 'Terry Rossio', 'job': 'Screenplay'}","lan-detected":null,"title-translated":"Piratas del Caribe: La Maldición del Perla Negra"},{"id":8871,"title":"El Grinch","rating":6.784,"release_date":"2000-11-17T00:00:00.000","runtime":104,"genres":"Familia, Comedia, Fantasía","votes":8092,"budget":123000000,"revenue":345800000,"language":"en","directors":"{'id': 6159, 'name': 'Ron Howard'}","writers":"{'id': 12100, 'name': 'Jeffrey Price', 'job': 'Screenplay'}, {'id': 12101, 'name': 'Peter S. Seaman', 'job': 'Screenplay'}","lan-detected":null,"title-translated":"El Grinch"},{"id":675,"title":"Harry Potter y la orden del Fénix","rating":7.674,"release_date":"2007-07-08T00:00:00.000","runtime":138,"genres":"Aventura, Fantasía","votes":20408,"budget":150000000,"revenue":938212738,"language":"en","directors":"{'id': 11343, 'name': 'David Yates'}","writers":"{'id': 10296, 'name': 'Michael Goldenberg', 'job': 'Screenplay'}","lan-detected":null,"title-translated":"Harry Potter y la orden del Fénix"},{"id":21610,"title":"Halcones de la Noche","rating":6.394,"release_date":"1981-03-17T00:00:00.000","runtime":99,"genres":"Acción, Crimen, Suspense","votes":472,"budget":5000000,"revenue":19905359,"language":"en","directors":"{'id': 58040, 'name': 'Bruce Malmuth'}","writers":"{'id': 69567, 'name': 'David Shaber', 'job': 'Writer'}, {'id': 19045, 'name': 'Paul Sylbert', 'job': 'Story'}","lan-detected":null,"title-translated":"Halcones de la Noche"},{"id":361743,"title":"Top Gun: Maverick","rating":8.16,"release_date":"2022-05-21T00:00:00.000","runtime":131,"genres":"Acción, Drama","votes":10456,"budget":170000000,"revenue":1488732821,"language":"en","directors":"{'id': 86270, 'name': 'Joseph Kosinski'}","writers":"{'id': 1279644, 'name': 'Eric Warren Singer', 'job': 'Screenplay'}, {'id': 78428, 'name': 'Justin Marks', 'job': 'Story'}, {'id': 15244, 'name': 'Ehren Kruger', 'job': 'Screenplay'}, {'id': 9033, 'name': 'Christopher McQuarrie', 'job': 'Screenplay'}, {'id': 225633, 'name': 'Peter Craig', 'job': 'Story'}","lan-detected":null,"title-translated":"Top Gun: Maverick"},{"id":346698,"title":"Barbie","rating":6.937,"release_date":"2023-07-19T00:00:00.000","runtime":100,"genres":"Comedia, Aventura","votes":10615,"budget":145000000,"revenue":1447138421,"language":"en","directors":"{'id': 45400, 'name': 'Greta Gerwig'}","writers":"{'id': 5656, 'name': 'Noah Baumbach', 'job': 'Writer'}, {'id': 45400, 'name': 'Greta Gerwig', 'job': 'Writer'}","lan-detected":null,"title-translated":"Barbie"},{"id":1184918,"title":"Robot salvaje","rating":8.319,"release_date":"2024-09-12T00:00:00.000","runtime":101,"genres":"Animación, Ciencia ficción, Familia, Aventura, Drama","votes":5610,"budget":78000000,"revenue":331982078,"language":"en","directors":"{'id': 66193, 'name': 'Chris Sanders'}","writers":"{'id': 66193, 'name': 'Chris Sanders', 'job': 'Screenplay'}","lan-detected":null,"title-translated":"Robot salvaje"},{"id":1009640,"title":"El Valiente","rating":6.7,"release_date":"2025-01-30T00:00:00.000","runtime":86,"genres":"Bélica, Suspense, Acción","votes":97,"budget":10000000,"revenue":1236630,"language":"en","directors":"{'id': 3767680, 'name': 'Steve Barnett'}","writers":"{'id': 3767680, 'name': 'Steve Barnett', 'job': 'Story'}, {'id': 26849, 'name': 'Daniel Myrick', 'job': 'Story'}, {'id': 3767680, 'name': 'Steve Barnett', 'job': 'Screenplay'}, {'id': 1842294, 'name': 'Eric Tipton', 'job': 'Screenplay'}","lan-detected":null,"title-translated":"El Valiente"},{"id":105,"title":"Volver al Futuro","rating":8.322,"release_date":"1985-07-03T00:00:00.000","runtime":117,"genres":"Aventura, Comedia, Ciencia ficción","votes":21236,"budget":19000000,"revenue":381109762,"language":"en","directors":"{'id': 24, 'name': 'Robert Zemeckis'}","writers":"{'id': 24, 'name': 'Robert Zemeckis', 'job': 'Writer'}, {'id': 1058, 'name': 'Bob Gale', 'job': 'Writer'}","lan-detected":null,"title-translated":"Volver al Futuro"},{"id":152532,"title":"El Club de los Desahuciados","rating":7.919,"release_date":"2013-11-01T00:00:00.000","runtime":117,"genres":"Drama, Historia","votes":8852,"budget":5000000,"revenue":55736588,"language":"en","directors":"{'id': 69371, 'name': 'Jean-Marc Vallée'}","writers":"{'id': 1133294, 'name': 'Craig Borten', 'job': 'Writer'}, {'id': 74342, 'name': 'Melisa Wallack', 'job': 'Writer'}","lan-detected":null,"title-translated":"El Club de los Desahuciados"},{"id":436969,"title":"El Escuadrón Suicida","rating":7.475,"release_date":"2021-07-28T00:00:00.000","runtime":132,"genres":"Acción, Comedia, Aventura","votes":9301,"budget":185000000,"revenue":168717425,"language":"en","directors":"{'id': 15218, 'name': 'James Gunn'}","writers":"{'id': 15218, 'name': 'James Gunn', 'job': 'Writer'}","lan-detected":null,"title-translated":"El Escuadrón Suicida"},{"id":693134,"title":"Duna: Parte dos","rating":8.132,"release_date":"2024-02-27T00:00:00.000","runtime":167,"genres":"Ciencia ficción, Aventura","votes":7355,"budget":190000000,"revenue":714844358,"language":"en","directors":"{'id': 137427, 'name': 'Denis Villeneuve'}","writers":"{'id': 137427, 'name': 'Denis Villeneuve', 'job': 'Screenplay'}, {'id': 564940, 'name': 'Jon Spaihts', 'job': 'Screenplay'}","lan-detected":null,"title-translated":"Duna: Parte dos"},{"id":939243,"title":"Sonic 3: La Película","rating":7.6,"release_date":"2024-12-19T00:00:00.000","runtime":110,"genres":"Acción, Ciencia ficción, Comedia, Familia","votes":3086,"budget":122000000,"revenue":492162604,"language":"en","directors":"{'id': 93364, 'name': 'Jeff Fowler'}","writers":"{'id': 63453, 'name': 'Patrick Casey', 'job': 'Story'}, {'id': 63449, 'name': 'Josh Miller', 'job': 'Story'}, {'id': 1492059, 'name': 'John Whittington', 'job': 'Screenplay'}, {'id': 63449, 'name': 'Josh Miller', 'job': 'Screenplay'}, {'id': 63453, 'name': 'Patrick Casey', 'job': 'Screenplay'}","lan-detected":null,"title-translated":"Sonic 3: La Película"},{"id":10127,"title":"Critters 2: El plato principal","rating":6.229,"release_date":"1988-04-29T00:00:00.000","runtime":85,"genres":"Comedia, Terror, Ciencia ficción","votes":495,"budget":4500000,"revenue":3813293,"language":"en","directors":"{'id': 61824, 'name': 'Mick Garris'}","writers":"{'id': 28239, 'name': 'David Twohy', 'job': 'Writer'}, {'id': 61824, 'name': 'Mick Garris', 'job': 'Writer'}","lan-detected":null,"title-translated":"Critters 2: El plato principal"},{"id":1151031,"title":"Haz que regrese","rating":7.395,"release_date":"2025-05-28T00:00:00.000","runtime":104,"genres":"Terror","votes":1301,"budget":15000000,"revenue":39410222,"language":"en","directors":"{'id': 2070452, 'name': 'Michael Philippou'}, {'id': 2070453, 'name': 'Danny Philippou'}","writers":"{'id': 2070453, 'name': 'Danny Philippou', 'job': 'Writer'}, {'id': 3764010, 'name': 'Bill Hinzman', 'job': 'Writer'}","lan-detected":null,"title-translated":"Haz que regrese"},{"id":14320,"title":"Grandes esperanzas","rating":7.3,"release_date":"1946-12-26T00:00:00.000","runtime":118,"genres":"Drama, Romance","votes":364,"budget":400000,"revenue":420000,"language":"en","directors":"{'id': 12238, 'name': 'David Lean'}","writers":"{'id': 12238, 'name': 'David Lean', 'job': 'Screenplay'}, {'id': 1153054, 'name': 'Cecil McGivern', 'job': 'Screenplay'}, {'id': 7501, 'name': 'Ronald Neame', 'job': 'Screenplay'}, {'id': 12719, 'name': 'Anthony Havelock-Allan', 'job': 'Screenplay'}, {'id': 67615, 'name': 'Kay Walsh', 'job': 'Screenplay'}","lan-detected":null,"title-translated":"Grandes esperanzas"},{"id":603,"title":"Matrix","rating":8.237,"release_date":"1999-03-31T00:00:00.000","runtime":131,"genres":"Acción, Ciencia ficción","votes":27182,"budget":63000000,"revenue":463517383,"language":"en","directors":"{'id': 9340, 'name': 'Lana Wachowski'}, {'id': 9339, 'name': 'Lilly Wachowski'}","writers":"{'id': 9339, 'name': 'Lilly Wachowski', 'job': 'Writer'}, {'id': 9340, 'name': 'Lana Wachowski', 'job': 'Writer'}","lan-detected":null,"title-translated":"Matrix"},{"id":152760,"title":"Operación monumento","rating":6.065,"release_date":"2014-01-24T00:00:00.000","runtime":118,"genres":"Bélica, Drama, Historia, Acción","votes":3735,"budget":70000000,"revenue":154984035,"language":"en","directors":"{'id': 1461, 'name': 'George Clooney'}","writers":"{'id': 31511, 'name': 'Grant Heslov', 'job': 'Screenplay'}, {'id': 1461, 'name': 'George Clooney', 'job': 'Screenplay'}","lan-detected":null,"title-translated":"Operación monumento"},{"id":822119,"title":"Capitán América: Un nuevo mundo","rating":5.99,"release_date":"2025-02-12T00:00:00.000","runtime":119,"genres":"Acción, Suspense, Ciencia ficción","votes":2842,"budget":180000000,"revenue":415101577,"language":"en","directors":"{'id': 1301933, 'name': 'Julius Onah'}","writers":"{'id': 1868712, 'name': 'Malcolm Spellman', 'job': 'Story'}, {'id': 1437638, 'name': 'Dalan Musson', 'job': 'Story'}, {'id': 56611, 'name': 'Rob Edwards', 'job': 'Story'}, {'id': 1301933, 'name': 'Julius Onah', 'job': 'Screenplay'}, {'id': 1189506, 'name': 'Peter Glanz', 'job': 'Screenplay'}, {'id': 56611, 'name': 'Rob Edwards', 'job': 'Screenplay'}, {'id': 1868712, 'name': 'Malcolm Spellman', 'job': 'Screenplay'}, {'id': 1437638, 'name': 'Dalan Musson', 'job': 'Screenplay'}","lan-detected":null,"title-translated":"Capitán América: Un nuevo mundo"},{"id":13,"title":"Forrest Gump","rating":8.462,"release_date":"1994-06-23T00:00:00.000","runtime":142,"genres":"Comedia, Drama, Romance","votes":29061,"budget":55000000,"revenue":677387716,"language":"en","directors":"{'id': 24, 'name': 'Robert Zemeckis'}","writers":"{'id': 27, 'name': 'Eric Roth', 'job': 'Screenplay'}","lan-detected":null,"title-translated":"Forrest Gump"},{"id":1124566,"title":"Valor sentimental","rating":7.636,"release_date":"2025-08-20T00:00:00.000","runtime":135,"genres":"Drama, Comedia","votes":258,"budget":7800000,"revenue":6757440,"language":"no","directors":"{'id': 71609, 'name': 'Joachim Trier'}","writers":"{'id': 444892, 'name': 'Eskil Vogt', 'job': 'Writer'}, {'id': 71609, 'name': 'Joachim Trier', 'job': 'Writer'}","lan-detected":null,"title-translated":"Valor sentimental"},{"id":299534,"title":"Avengers: Endgame","rating":8.237,"release_date":"2019-04-24T00:00:00.000","runtime":180,"genres":"Aventura, Ciencia ficción, Acción","votes":27090,"budget":356000000,"revenue":2799439100,"language":"en","directors":"{'id': 19272, 'name': 'Joe Russo'}, {'id': 19271, 'name': 'Anthony Russo'}","writers":"{'id': 5552, 'name': 'Stephen McFeely', 'job': 'Screenplay'}, {'id': 5551, 'name': 'Christopher Markus', 'job': 'Screenplay'}","lan-detected":null,"title-translated":"Avengers: Endgame"},{"id":604079,"title":"Camina o muere","rating":6.937,"release_date":"2025-09-10T00:00:00.000","runtime":108,"genres":"Ciencia ficción, Suspense, Terror","votes":1005,"budget":20000000,"revenue":62871590,"language":"en","directors":"{'id': 10943, 'name': 'Francis Lawrence'}","writers":"{'id': 1283814, 'name': 'JT Mollner', 'job': 'Screenplay'}","lan-detected":null,"title-translated":"Camina o muere"},{"id":680,"title":"Tiempos Violentos","rating":8.486,"release_date":"1994-09-10T00:00:00.000","runtime":154,"genres":"Suspense, Crimen, Comedia","votes":29481,"budget":8000000,"revenue":213928762,"language":"en","directors":"{'id': 138, 'name': 'Quentin Tarantino'}","writers":"{'id': 138, 'name': 'Quentin Tarantino', 'job': 'Story'}, {'id': 8297, 'name': 'Roger Avary', 'job': 'Story'}, {'id': 138, 'name': 'Quentin Tarantino', 'job': 'Writer'}","lan-detected":null,"title-translated":"Tiempos Violentos"},{"id":411,"title":"Las crónicas de Narnia: El león, la bruja y el ropero","rating":7.1,"release_date":"2005-12-07T00:00:00.000","runtime":150,"genres":"Aventura, Familia, Fantasía","votes":11237,"budget":180000000,"revenue":745013115,"language":"en","directors":"{'id': 5524, 'name': 'Andrew Adamson'}","writers":"{'id': 5524, 'name': 'Andrew Adamson', 'job': 'Screenplay'}, {'id': 5551, 'name': 'Christopher Markus', 'job': 'Screenplay'}, {'id': 5550, 'name': 'Ann Peacock', 'job': 'Screenplay'}, {'id': 5552, 'name': 'Stephen McFeely', 'job': 'Screenplay'}","lan-detected":null,"title-translated":"Las crónicas de Narnia: El león, la bruja y el ropero"},{"id":674,"title":"Harry Potter y el cáliz de fuego","rating":7.802,"release_date":"2005-11-16T00:00:00.000","runtime":157,"genres":"Aventura, Fantasía","votes":21722,"budget":150000000,"revenue":895921036,"language":"en","directors":"{'id': 10723, 'name': 'Mike Newell'}","writers":"{'id': 10967, 'name': 'Steve Kloves', 'job': 'Screenplay'}","lan-detected":null,"title-translated":"Harry Potter y el cáliz de fuego"},{"id":11,"title":"La guerra de las galaxias","rating":8.202,"release_date":"1977-05-25T00:00:00.000","runtime":121,"genres":"Aventura, Acción, Ciencia ficción","votes":21794,"budget":11000000,"revenue":775398007,"language":"en","directors":"{'id': 1, 'name': 'George Lucas'}","writers":"{'id': 1, 'name': 'George Lucas', 'job': 'Writer'}","lan-detected":null,"title-translated":"La guerra de las galaxias"},{"id":872585,"title":"Oppenheimer","rating":8.038,"release_date":"2023-07-19T00:00:00.000","runtime":181,"genres":"Drama, Historia","votes":11154,"budget":100000000,"revenue":952000000,"language":"en","directors":"{'id': 525, 'name': 'Christopher Nolan'}","writers":"{'id': 525, 'name': 'Christopher Nolan', 'job': 'Writer'}","lan-detected":null,"title-translated":"Oppenheimer"},{"id":129,"title":"El viaje de Chihiro","rating":8.534,"release_date":"2001-07-20T00:00:00.000","runtime":125,"genres":"Animación, Familia, Fantasía","votes":17789,"budget":19000000,"revenue":274925095,"language":"ja","directors":"{'id': 608, 'name': 'Hayao Miyazaki'}","writers":"{'id': 608, 'name': 'Hayao Miyazaki', 'job': 'Writer'}","lan-detected":null,"title-translated":"El viaje de Chihiro"},{"id":438631,"title":"Duna","rating":7.8,"release_date":"2021-09-15T00:00:00.000","runtime":141,"genres":"Ciencia ficción, Aventura","votes":14274,"budget":165000000,"revenue":410668500,"language":"en","directors":"{'id': 137427, 'name': 'Denis Villeneuve'}","writers":"{'id': 27, 'name': 'Eric Roth', 'job': 'Screenplay'}, {'id': 137427, 'name': 'Denis Villeneuve', 'job': 'Screenplay'}, {'id': 564940, 'name': 'Jon Spaihts', 'job': 'Screenplay'}","lan-detected":null,"title-translated":"Duna"},{"id":121,"title":"El señor de los anillos: Las dos torres","rating":8.411,"release_date":"2002-12-18T00:00:00.000","runtime":180,"genres":"Aventura, Fantasía, Acción","votes":23245,"budget":79000000,"revenue":926287400,"language":"en","directors":"{'id': 108, 'name': 'Peter Jackson'}","writers":"{'id': 126, 'name': 'Fran Walsh', 'job': 'Screenplay'}, {'id': 128, 'name': 'Philippa Boyens', 'job': 'Screenplay'}, {'id': 11325, 'name': 'Stephen Sinclair', 'job': 'Screenplay'}, {'id': 108, 'name': 'Peter Jackson', 'job': 'Screenplay'}","lan-detected":null,"title-translated":"El señor de los anillos: Las dos torres"},{"id":1022789,"title":"IntensaMente 2","rating":7.548,"release_date":"2024-06-11T00:00:00.000","runtime":96,"genres":"Animación, Aventura, Comedia, Familia","votes":6361,"budget":200000000,"revenue":1698863816,"language":"en","directors":"{'id': 182001, 'name': 'Kelsey Mann'}","writers":"{'id': 182001, 'name': 'Kelsey Mann', 'job': 'Story'}, {'id': 1888448, 'name': 'Dave Holstein', 'job': 'Screenplay'}, {'id': 1457025, 'name': 'Meg LeFauve', 'job': 'Screenplay'}, {'id': 1457025, 'name': 'Meg LeFauve', 'job': 'Story'}","lan-detected":null,"title-translated":"IntensaMente 2"},{"id":1288072,"title":"Líbralos Del Mal","rating":5.5,"release_date":"2025-11-12T00:00:00.000","runtime":99,"genres":"Terror, Misterio","votes":91,"budget":6000000,"revenue":5480639,"language":"en","directors":"{'id': 90609, 'name': 'Osgood Perkins'}","writers":"{'id': 4697448, 'name': 'Nick Lepard', 'job': 'Writer'}","lan-detected":null,"title-translated":"Líbralos Del Mal"},{"id":569094,"title":"Spider-Man: A través del Spider-Verso","rating":8.338,"release_date":"2023-05-31T00:00:00.000","runtime":140,"genres":"Animación, Acción, Aventura, Ciencia ficción","votes":8141,"budget":100000000,"revenue":690897910,"language":"en","directors":"{'id': 2451598, 'name': 'Kemp Powers'}, {'id': 1046497, 'name': 'Justin K. Thompson'}, {'id': 89596, 'name': 'Joaquim Dos Santos'}","writers":"{'id': 107446, 'name': 'Phil Lord', 'job': 'Writer'}, {'id': 155267, 'name': 'Christopher Miller', 'job': 'Writer'}, {'id': 57264, 'name': 'David Callaham', 'job': 'Writer'}","lan-detected":null,"title-translated":"Spider-Man: A través del Spider-Verso"},{"id":31587,"title":"Scarecrow","rating":7.0,"release_date":"1973-04-11T00:00:00.000","runtime":112,"genres":"Drama","votes":329,"budget":875000,"revenue":4000000,"language":"en","directors":"{'id': 98199, 'name': 'Jerry Schatzberg'}","writers":"{'id': 138137, 'name': 'Garry Michael White', 'job': 'Writer'}","lan-detected":null,"title-translated":"Scarecrow"},{"id":1472638,"title":"Buen Camino","rating":6.579,"release_date":"2025-12-25T00:00:00.000","runtime":0,"genres":"Comedia, Familia, Aventura","votes":227,"budget":28100000,"revenue":31688894,"language":"it","directors":"{'id': 120127, 'name': 'Gennaro Nunziante'}","writers":"{'id': 120127, 'name': 'Gennaro Nunziante', 'job': 'Screenplay'}, {'id': 114366, 'name': 'Checco Zalone', 'job': 'Screenplay'}, {'id': 120127, 'name': 'Gennaro Nunziante', 'job': 'Story'}, {'id': 114366, 'name': 'Checco Zalone', 'job': 'Story'}, {'id': 114366, 'name': 'Checco Zalone', 'job': 'Writer'}, {'id': 120127, 'name': 'Gennaro Nunziante', 'job': 'Writer'}","lan-detected":null,"title-translated":"Buen Camino"},{"id":385687,"title":"Rápidos y furiosos X","rating":7.009,"release_date":"2023-05-17T00:00:00.000","runtime":142,"genres":"Acción, Crimen, Suspense","votes":6149,"budget":340000000,"revenue":704709660,"language":"en","directors":"{'id': 18865, 'name': 'Louis Leterrier'}","writers":"{'id': 58189, 'name': 'Justin Lin', 'job': 'Screenplay'}, {'id': 937234, 'name': 'Dan Mazeau', 'job': 'Screenplay'}, {'id': 937234, 'name': 'Dan Mazeau', 'job': 'Story'}, {'id': 1014026, 'name': 'Zach Dean', 'job': 'Story'}, {'id': 58189, 'name': 'Justin Lin', 'job': 'Story'}","lan-detected":null,"title-translated":"Rápidos y furiosos X"},{"id":68718,"title":"Django sin Cadenas","rating":8.186,"release_date":"2012-12-25T00:00:00.000","runtime":165,"genres":"Drama, Western","votes":27397,"budget":100000000,"revenue":425368238,"language":"en","directors":"{'id': 138, 'name': 'Quentin Tarantino'}","writers":"{'id': 138, 'name': 'Quentin Tarantino', 'job': 'Writer'}","lan-detected":null,"title-translated":"Django sin Cadenas"},{"id":10640,"title":"El mundo del futuro","rating":5.886,"release_date":"1976-08-13T00:00:00.000","runtime":108,"genres":"Acción, Aventura, Ciencia ficción, Suspense","votes":347,"budget":2500000,"revenue":4200000,"language":"en","directors":"{'id': 35525, 'name': 'Richard T. Heffron'}","writers":"{'id': 155128, 'name': 'George Schenck', 'job': 'Writer'}, {'id': 2561512, 'name': 'Mayo Simon', 'job': 'Writer'}","lan-detected":null,"title-translated":"El mundo del futuro"},{"id":1007734,"title":"Nadie 2","rating":7.025,"release_date":"2025-08-13T00:00:00.000","runtime":89,"genres":"Acción, Suspense","votes":1149,"budget":25000000,"revenue":41618135,"language":"en","directors":"{'id': 235430, 'name': 'Timo Tjahjanto'}","writers":"{'id': 4123026, 'name': 'Aaron Rabin', 'job': 'Screenplay'}, {'id': 1076800, 'name': 'Derek Kolstad', 'job': 'Screenplay'}, {'id': 1076800, 'name': 'Derek Kolstad', 'job': 'Story'}","lan-detected":null,"title-translated":"Nadie 2"},{"id":808,"title":"Shrek","rating":7.755,"release_date":"2001-05-18T00:00:00.000","runtime":90,"genres":"Animación, Comedia, Fantasía, Aventura, Familia","votes":18250,"budget":60000000,"revenue":488628188,"language":"en","directors":"{'id': 5524, 'name': 'Andrew Adamson'}, {'id': 12058, 'name': 'Vicky Jenson'}","writers":"{'id': 1705, 'name': 'Ted Elliott', 'job': 'Writer'}, {'id': 12061, 'name': 'Roger S.H. Schulman', 'job': 'Writer'}, {'id': 12083, 'name': 'Joe Stillman', 'job': 'Writer'}, {'id': 1706, 'name': 'Terry Rossio', 'job': 'Writer'}","lan-detected":null,"title-translated":"Shrek"},{"id":671,"title":"Harry Potter y la piedra filosofal","rating":7.9,"release_date":"2001-11-16T00:00:00.000","runtime":152,"genres":"Aventura, Fantasía","votes":28986,"budget":125000000,"revenue":976475550,"language":"en","directors":"{'id': 10965, 'name': 'Chris Columbus'}","writers":"{'id': 10967, 'name': 'Steve Kloves', 'job': 'Screenplay'}","lan-detected":null,"title-translated":"Harry Potter y la piedra filosofal"},{"id":27205,"title":"El Origen","rating":8.371,"release_date":"2010-07-15T00:00:00.000","runtime":148,"genres":"Acción, Ciencia ficción, Aventura","votes":38448,"budget":160000000,"revenue":839030630,"language":"en","directors":"{'id': 525, 'name': 'Christopher Nolan'}","writers":"{'id': 525, 'name': 'Christopher Nolan', 'job': 'Writer'}","lan-detected":null,"title-translated":"El Origen"},{"id":122,"title":"El señor de los anillos: El retorno del rey","rating":8.492,"release_date":"2003-12-17T00:00:00.000","runtime":202,"genres":"Aventura, Fantasía, Acción","votes":25823,"budget":94000000,"revenue":1118888979,"language":"en","directors":"{'id': 108, 'name': 'Peter Jackson'}","writers":"{'id': 108, 'name': 'Peter Jackson', 'job': 'Screenplay'}, {'id': 128, 'name': 'Philippa Boyens', 'job': 'Screenplay'}, {'id': 126, 'name': 'Fran Walsh', 'job': 'Screenplay'}","lan-detected":null,"title-translated":"El señor de los anillos: El retorno del rey"},{"id":767,"title":"Harry Potter y el misterio del príncipe","rating":7.683,"release_date":"2009-07-15T00:00:00.000","runtime":153,"genres":"Aventura, Fantasía","votes":20378,"budget":250000000,"revenue":933959197,"language":"en","directors":"{'id': 11343, 'name': 'David Yates'}","writers":"{'id': 10967, 'name': 'Steve Kloves', 'job': 'Screenplay'}","lan-detected":null,"title-translated":"Harry Potter y el misterio del príncipe"},{"id":1241982,"title":"Moana 2","rating":7.01,"release_date":"2024-11-21T00:00:00.000","runtime":100,"genres":"Animación, Aventura, Familia, Comedia","votes":2869,"budget":150000000,"revenue":1059242164,"language":"en","directors":"{'id': 4524084, 'name': 'David G. Derrick Jr.'}, {'id': 1461394, 'name': 'Jason Hand'}, {'id': 1513971, 'name': 'Dana Ledoux Miller'}","writers":"{'id': 2197774, 'name': 'Bek Smith', 'job': 'Story'}, {'id': 1513971, 'name': 'Dana Ledoux Miller', 'job': 'Screenplay'}, {'id': 1318201, 'name': 'Jared Bush', 'job': 'Screenplay'}, {'id': 1318201, 'name': 'Jared Bush', 'job': 'Story'}, {'id': 1513971, 'name': 'Dana Ledoux Miller', 'job': 'Story'}","lan-detected":null,"title-translated":"Moana 2"},{"id":1100988,"title":"Exterminio: La evolución","rating":6.638,"release_date":"2025-06-18T00:00:00.000","runtime":115,"genres":"Terror, Suspense, Ciencia ficción","votes":1930,"budget":60000000,"revenue":151308832,"language":"en","directors":"{'id': 2034, 'name': 'Danny Boyle'}","writers":"{'id': 2036, 'name': 'Alex Garland', 'job': 'Writer'}","lan-detected":null,"title-translated":"Exterminio: La evolución"},{"id":533535,"title":"Deadpool & Wolverine","rating":7.565,"release_date":"2024-07-24T00:00:00.000","runtime":128,"genres":"Acción, Comedia, Ciencia ficción","votes":8110,"budget":200000000,"revenue":1338073645,"language":"en","directors":"{'id': 17825, 'name': 'Shawn Levy'}","writers":"{'id': 7932, 'name': 'Rhett Reese', 'job': 'Writer'}, {'id': 91269, 'name': 'Paul Wernick', 'job': 'Writer'}, {'id': 10859, 'name': 'Ryan Reynolds', 'job': 'Writer'}, {'id': 17825, 'name': 'Shawn Levy', 'job': 'Writer'}, {'id': 1219669, 'name': 'Zeb Wells', 'job': 'Writer'}","lan-detected":null,"title-translated":"Deadpool & Wolverine"},{"id":13531,"title":"Empire Records","rating":6.644,"release_date":"1995-09-22T00:00:00.000","runtime":90,"genres":"Música, Comedia, Drama, Romance","votes":767,"budget":10000000,"revenue":303841,"language":"en","directors":"{'id': 55790, 'name': 'Allan Moyle'}","writers":"{'id': 65872, 'name': 'Carol Heikkinen', 'job': 'Screenplay'}","lan-detected":null,"title-translated":"Empire Records"},{"id":552524,"title":"Lilo y Stitch","rating":7.241,"release_date":"2025-05-17T00:00:00.000","runtime":108,"genres":"Familia, Ciencia ficción, Comedia","votes":1939,"budget":100000000,"revenue":1038027526,"language":"en","directors":"{'id': 1540069, 'name': 'Dean Fleischer Camp'}","writers":"{'id': 3624081, 'name': 'Chris Kekaniokalani Bright', 'job': 'Screenplay'}, {'id': 2032020, 'name': 'Mike Van Waes', 'job': 'Screenplay'}","lan-detected":null,"title-translated":"Lilo y Stitch"},{"id":299536,"title":"Avengers: Infinity War","rating":8.236,"release_date":"2018-04-25T00:00:00.000","runtime":149,"genres":"Aventura, Acción, Ciencia ficción","votes":31303,"budget":300000000,"revenue":2052415039,"language":"en","directors":"{'id': 19271, 'name': 'Anthony Russo'}, {'id': 19272, 'name': 'Joe Russo'}","writers":"{'id': 5551, 'name': 'Christopher Markus', 'job': 'Screenplay'}, {'id': 5552, 'name': 'Stephen McFeely', 'job': 'Screenplay'}","lan-detected":null,"title-translated":"Avengers: Infinity War"},{"id":238,"title":"El Padrino","rating":8.685,"release_date":"1972-03-14T00:00:00.000","runtime":175,"genres":"Drama, Crimen","votes":22239,"budget":6000000,"revenue":245066411,"language":"en","directors":"{'id': 1776, 'name': 'Francis Ford Coppola'}","writers":"{'id': 3083, 'name': 'Mario Puzo', 'job': 'Screenplay'}, {'id': 1776, 'name': 'Francis Ford Coppola', 'job': 'Screenplay'}","lan-detected":null,"title-translated":"El Padrino"},{"id":346364,"title":"It (Eso)","rating":7.239,"release_date":"2017-09-06T00:00:00.000","runtime":135,"genres":"Terror, Suspense, Drama","votes":19964,"budget":35000000,"revenue":719766009,"language":"en","directors":"{'id': 1113116, 'name': 'Andy Muschietti'}","writers":"{'id': 87257, 'name': 'Cary Joji Fukunaga', 'job': 'Screenplay'}, {'id': 1625271, 'name': 'Chase Palmer', 'job': 'Screenplay'}, {'id': 1338249, 'name': 'Gary Dauberman', 'job': 'Screenplay'}","lan-detected":null,"title-translated":"It (Eso)"},{"id":1033148,"title":"Mátate, amor","rating":6.3,"release_date":"2025-10-06T00:00:00.000","runtime":118,"genres":"Drama","votes":275,"budget":20000000,"revenue":7421995,"language":"en","directors":"{'id': 83287, 'name': 'Lynne Ramsay'}","writers":"{'id': 83287, 'name': 'Lynne Ramsay', 'job': 'Screenplay'}, {'id': 150607, 'name': 'Enda Walsh', 'job': 'Screenplay'}, {'id': 1661863, 'name': 'Alice Birch', 'job': 'Screenplay'}","lan-detected":null,"title-translated":"Mátate, amor"},{"id":1035259,"title":"¿Y dónde está el policía?","rating":6.429,"release_date":"2025-07-30T00:00:00.000","runtime":85,"genres":"Acción, Comedia, Crimen","votes":1283,"budget":42000000,"revenue":102147396,"language":"en","directors":"{'id': 62854, 'name': 'Akiva Schaffer'}","writers":"{'id': 1579776, 'name': 'Dan Gregor', 'job': 'Writer'}, {'id': 1579777, 'name': 'Doug Mand', 'job': 'Writer'}, {'id': 62854, 'name': 'Akiva Schaffer', 'job': 'Writer'}","lan-detected":null,"title-translated":"¿Y dónde está el policía?"},{"id":950387,"title":"Una película de Minecraft","rating":6.3,"release_date":"2025-03-31T00:00:00.000","runtime":101,"genres":"Familia, Fantasía, Comedia, Aventura, Acción","votes":2667,"budget":150000000,"revenue":958149195,"language":"en","directors":"{'id': 53925, 'name': 'Jared Hess'}","writers":"{'id': 82624, 'name': 'Hubbel Palmer', 'job': 'Story'}, {'id': 1371386, 'name': 'Chris Bowman', 'job': 'Story'}, {'id': 211980, 'name': 'Allison Schroeder', 'job': 'Story'}, {'id': 1137990, 'name': 'Chris Galletta', 'job': 'Screenplay'}, {'id': 1583140, 'name': 'Gavin James', 'job': 'Screenplay'}, {'id': 1583143, 'name': 'Neil Widener', 'job': 'Screenplay'}, {'id': 82624, 'name': 'Hubbel Palmer', 'job': 'Screenplay'}, {'id': 1371386, 'name': 'Chris Bowman', 'job': 'Screenplay'}","lan-detected":null,"title-translated":"Una película de Minecraft"},{"id":1197306,"title":"Rescate implacable","rating":6.7,"release_date":"2025-03-26T00:00:00.000","runtime":116,"genres":"Acción, Crimen, Suspense","votes":1718,"budget":40000000,"revenue":88200711,"language":"en","directors":"{'id': 19769, 'name': 'David Ayer'}","writers":"{'id': 16483, 'name': 'Sylvester Stallone', 'job': 'Screenplay'}, {'id': 19769, 'name': 'David Ayer', 'job': 'Screenplay'}","lan-detected":null,"title-translated":"Rescate implacable"},{"id":1327862,"title":"A pesar de ti","rating":7.0,"release_date":"2025-10-22T00:00:00.000","runtime":117,"genres":"Romance, Drama","votes":235,"budget":30000000,"revenue":90452948,"language":"en","directors":"{'id': 1053420, 'name': 'Josh Boone'}","writers":"{'id': 74277, 'name': 'Susan McMartin', 'job': 'Screenplay'}","lan-detected":null,"title-translated":"A pesar de ti"},{"id":1078605,"title":"La hora de la desaparición","rating":7.304,"release_date":"2025-08-04T00:00:00.000","runtime":128,"genres":"Terror, Misterio","votes":2660,"budget":38000000,"revenue":269050044,"language":"en","directors":"{'id': 84833, 'name': 'Zach Cregger'}","writers":"{'id': 84833, 'name': 'Zach Cregger', 'job': 'Writer'}","lan-detected":null,"title-translated":"La hora de la desaparición"},{"id":541671,"title":"Bailarina","rating":7.3,"release_date":"2025-06-04T00:00:00.000","runtime":125,"genres":"Acción, Suspense, Crimen","votes":2160,"budget":90000000,"revenue":137216585,"language":"en","directors":"{'id': 3950, 'name': 'Len Wiseman'}","writers":"{'id': 2104243, 'name': 'Shay Hatten', 'job': 'Writer'}","lan-detected":null,"title-translated":"Bailarina"},{"id":986056,"title":"Thunderbolts*","rating":7.313,"release_date":"2025-04-30T00:00:00.000","runtime":127,"genres":"Acción, Ciencia ficción, Aventura","votes":3064,"budget":180000000,"revenue":382436917,"language":"en","directors":"{'id': 836732, 'name': 'Jake Schreier'}","writers":"{'id': 579281, 'name': 'Eric Pearson', 'job': 'Story'}, {'id': 579281, 'name': 'Eric Pearson', 'job': 'Screenplay'}, {'id': 1407445, 'name': 'Joanna Calo', 'job': 'Screenplay'}","lan-detected":null,"title-translated":"Thunderbolts*"},{"id":772,"title":"Mi pobre angelito 2: Perdido en Nueva York","rating":6.776,"release_date":"1992-11-15T00:00:00.000","runtime":121,"genres":"Comedia, Familia, Aventura","votes":10352,"budget":18000000,"revenue":358994850,"language":"en","directors":"{'id': 10965, 'name': 'Chris Columbus'}","writers":"{'id': 11505, 'name': 'John Hughes', 'job': 'Screenplay'}","lan-detected":null,"title-translated":"Mi pobre angelito 2: Perdido en Nueva York"},{"id":278,"title":"Sueño de fuga","rating":8.7,"release_date":"1994-09-23T00:00:00.000","runtime":143,"genres":"Drama, Crimen","votes":29468,"budget":25000000,"revenue":28341469,"language":"en","directors":"{'id': 4027, 'name': 'Frank Darabont'}","writers":"{'id': 4027, 'name': 'Frank Darabont', 'job': 'Screenplay'}","lan-detected":null,"title-translated":"Sueño de fuga"},{"id":1087192,"title":"Cómo entrenar a tu dragón","rating":7.969,"release_date":"2025-06-06T00:00:00.000","runtime":125,"genres":"Fantasía, Familia, Acción, Aventura","votes":2397,"budget":150000000,"revenue":636351148,"language":"en","directors":"{'id': 69797, 'name': 'Dean DeBlois'}","writers":"{'id': 69797, 'name': 'Dean DeBlois', 'job': 'Writer'}","lan-detected":null,"title-translated":"Cómo entrenar a tu dragón"},{"id":130150,"title":"Aires de Esperanza","rating":7.022,"release_date":"2013-12-27T00:00:00.000","runtime":111,"genres":"Drama, Romance, Suspense","votes":1274,"budget":18000000,"revenue":20275812,"language":"en","directors":"{'id': 52443, 'name': 'Jason Reitman'}","writers":"{'id': 52443, 'name': 'Jason Reitman', 'job': 'Screenplay'}","lan-detected":null,"title-translated":"Aires de Esperanza"},{"id":157336,"title":"Interestelar","rating":8.5,"release_date":"2014-11-05T00:00:00.000","runtime":169,"genres":"Aventura, Drama, Ciencia ficción","votes":38539,"budget":165000000,"revenue":746606706,"language":"en","directors":"{'id': 525, 'name': 'Christopher Nolan'}","writers":"{'id': 527, 'name': 'Jonathan Nolan', 'job': 'Writer'}, {'id': 525, 'name': 'Christopher Nolan', 'job': 'Writer'}","lan-detected":null,"title-translated":"Interestelar"},{"id":1291608,"title":"धुरंधर","rating":6.4,"release_date":"2025-12-05T00:00:00.000","runtime":212,"genres":"Acción, Suspense","votes":137,"budget":16500000,"revenue":110000000,"language":"hi","directors":"{'id': 2152816, 'name': 'Aditya Dhar'}","writers":"{'id': 2152816, 'name': 'Aditya Dhar', 'job': 'Screenplay'}, {'id': 2214303, 'name': 'Shivkumar V. Panicker', 'job': 'Screenplay'}, {'id': 5824317, 'name': 'Ojas Gautam', 'job': 'Screenplay'}, {'id': 2152816, 'name': 'Aditya Dhar', 'job': 'Story'}","lan-detected":null,"title-translated":"धुरंधर"},{"id":39507,"title":"The Dead","rating":6.8,"release_date":"1987-09-03T00:00:00.000","runtime":83,"genres":"Drama","votes":181,"budget":3500000,"revenue":4370078,"language":"en","directors":"{'id': 6593, 'name': 'John Huston'}","writers":"{'id': 4031328, 'name': 'Tony Huston', 'job': 'Writer'}","lan-detected":null,"title-translated":"The Dead"},{"id":1259102,"title":"Eternity","rating":7.131,"release_date":"2025-11-26T00:00:00.000","runtime":112,"genres":"Romance, Comedia, Drama","votes":270,"budget":12000000,"revenue":32066992,"language":"en","directors":"{'id': 1864582, 'name': 'David Freyne'}","writers":"{'id': 1864582, 'name': 'David Freyne', 'job': 'Writer'}, {'id': 4592268, 'name': 'Pat Cunnane', 'job': 'Writer'}","lan-detected":null,"title-translated":"Eternity"},{"id":1214931,"title":"Nuremberg: El Juicio Del Siglo","rating":7.31,"release_date":"2025-11-06T00:00:00.000","runtime":148,"genres":"Historia, Drama","votes":304,"budget":11800000,"revenue":29506959,"language":"en","directors":"{'id': 20204, 'name': 'James Vanderbilt'}","writers":"{'id': 20204, 'name': 'James Vanderbilt', 'job': 'Writer'}","lan-detected":null,"title-translated":"Nuremberg: El Juicio Del Siglo"},{"id":24428,"title":"Avengers: Los Vengadores","rating":7.894,"release_date":"2012-04-25T00:00:00.000","runtime":143,"genres":"Ciencia ficción, Acción, Aventura","votes":34852,"budget":220000000,"revenue":1518815515,"language":"en","directors":"{'id': 12891, 'name': 'Joss Whedon'}","writers":"{'id': 12891, 'name': 'Joss Whedon', 'job': 'Screenplay'}, {'id': 12891, 'name': 'Joss Whedon', 'job': 'Story'}, {'id': 11011, 'name': 'Zak Penn', 'job': 'Story'}","lan-detected":null,"title-translated":"Avengers: Los Vengadores"},{"id":701387,"title":"Bugonia","rating":7.398,"release_date":"2025-10-23T00:00:00.000","runtime":118,"genres":"Ciencia ficción, Crimen, Suspense","votes":1067,"budget":50000000,"revenue":40293453,"language":"en","directors":"{'id': 122423, 'name': 'Yorgos Lanthimos'}","writers":"{'id': 2373362, 'name': 'Will Tracy', 'job': 'Screenplay'}","lan-detected":null,"title-translated":"Bugonia"},{"id":911430,"title":"F1 la película","rating":7.792,"release_date":"2025-06-25T00:00:00.000","runtime":156,"genres":"Acción, Drama","votes":3007,"budget":250000000,"revenue":631627111,"language":"en","directors":"{'id': 86270, 'name': 'Joseph Kosinski'}","writers":"{'id': 15244, 'name': 'Ehren Kruger', 'job': 'Screenplay'}, {'id': 86270, 'name': 'Joseph Kosinski', 'job': 'Story'}, {'id': 15244, 'name': 'Ehren Kruger', 'job': 'Story'}","lan-detected":null,"title-translated":"F1 la película"},{"id":991494,"title":"Bob Esponja: En busca de los pantalones cuadrados","rating":6.913,"release_date":"2025-12-16T00:00:00.000","runtime":88,"genres":"Animación, Familia, Comedia, Aventura","votes":46,"budget":64000000,"revenue":112300000,"language":"en","directors":"{'id': 70652, 'name': 'Derek Drymon'}","writers":"{'id': 34522, 'name': 'Pam Brady', 'job': 'Story'}, {'id': 1218548, 'name': 'Kaz', 'job': 'Story'}, {'id': 1450307, 'name': 'Andrew Goodman', 'job': 'Story'}, {'id': 34522, 'name': 'Pam Brady', 'job': 'Screenplay'}, {'id': 99363, 'name': 'Matt Lieberman', 'job': 'Screenplay'}","lan-detected":null,"title-translated":"Bob Esponja: En busca de los pantalones cuadrados"},{"id":1061474,"title":"Superman","rating":7.389,"release_date":"2025-07-09T00:00:00.000","runtime":129,"genres":"Ciencia ficción, Aventura, Acción","votes":4099,"budget":225000000,"revenue":616784465,"language":"en","directors":"{'id': 15218, 'name': 'James Gunn'}","writers":"{'id': 15218, 'name': 'James Gunn', 'job': 'Writer'}","lan-detected":null,"title-translated":"Superman"},{"id":617126,"title":"Los 4 Fantásticos: Primeros pasos","rating":7.004,"release_date":"2025-07-23T00:00:00.000","runtime":130,"genres":"Ciencia ficción, Aventura, Acción","votes":2778,"budget":200000000,"revenue":521858728,"language":"en","directors":"{'id': 1212522, 'name': 'Matt Shakman'}","writers":"{'id': 579281, 'name': 'Eric Pearson', 'job': 'Story'}, {'id': 1184281, 'name': 'Jeff Kaplan', 'job': 'Story'}, {'id': 1184283, 'name': 'Ian Springer', 'job': 'Story'}, {'id': 1581195, 'name': 'Kat Wood', 'job': 'Story'}, {'id': 507, 'name': 'Josh Friedman', 'job': 'Screenplay'}, {'id': 579281, 'name': 'Eric Pearson', 'job': 'Screenplay'}, {'id': 1184281, 'name': 'Jeff Kaplan', 'job': 'Screenplay'}, {'id': 1184283, 'name': 'Ian Springer', 'job': 'Screenplay'}","lan-detected":null,"title-translated":"Los 4 Fantásticos: Primeros pasos"},{"id":1233413,"title":"Pecadores","rating":7.497,"release_date":"2025-04-16T00:00:00.000","runtime":138,"genres":"Terror, Acción, Suspense","votes":3168,"budget":90000000,"revenue":367953537,"language":"en","directors":"{'id': 1056121, 'name': 'Ryan Coogler'}","writers":"{'id': 1056121, 'name': 'Ryan Coogler', 'job': 'Writer'}","lan-detected":null,"title-translated":"Pecadores"},{"id":1234821,"title":"Jurassic World: Renace","rating":6.366,"release_date":"2025-07-01T00:00:00.000","runtime":133,"genres":"Ciencia ficción, Aventura, Acción","votes":2748,"budget":180000000,"revenue":869146189,"language":"en","directors":"{'id': 129894, 'name': 'Gareth Edwards'}","writers":"{'id': 508, 'name': 'David Koepp', 'job': 'Writer'}","lan-detected":null,"title-translated":"Jurassic World: Renace"},{"id":803796,"title":"Las guerreras k-pop","rating":8.142,"release_date":"2025-06-20T00:00:00.000","runtime":96,"genres":"Fantasía, Música, Comedia, Animación","votes":2161,"budget":100000000,"revenue":24619953,"language":"en","directors":"{'id': 1453550, 'name': 'Chris Appelhans'}, {'id': 3003169, 'name': 'Maggie Kang'}","writers":"{'id': 3003169, 'name': 'Maggie Kang', 'job': 'Screenplay'}, {'id': 2512183, 'name': 'Danya Jimenez', 'job': 'Screenplay'}, {'id': 2512184, 'name': 'Hannah McMechan', 'job': 'Screenplay'}, {'id': 1453550, 'name': 'Chris Appelhans', 'job': 'Screenplay'}, {'id': 3003169, 'name': 'Maggie Kang', 'job': 'Story'}","lan-detected":null,"title-translated":"Las guerreras k-pop"},{"id":7451,"title":"xXx - Triple X","rating":5.982,"release_date":"2002-08-09T00:00:00.000","runtime":124,"genres":"Acción, Aventura, Suspense, Crimen, Drama","votes":4719,"budget":70000000,"revenue":277448382,"language":"en","directors":"{'id': 18878, 'name': 'Rob Cohen'}","writers":"{'id': 53345, 'name': 'Rich Wilkes', 'job': 'Screenplay'}","lan-detected":null,"title-translated":"xXx - Triple X"},{"id":756397,"title":"Super agente Hitpig","rating":6.7,"release_date":"2024-11-01T00:00:00.000","runtime":90,"genres":"Animación, Comedia, Aventura, Familia","votes":30,"budget":45000000,"revenue":2345398,"language":"en","directors":"{'id': 1214352, 'name': 'David Feiss'}, {'id': 1763090, 'name': 'Cinzia Angelini'}","writers":"{'id': 1274243, 'name': 'Berkeley Breathed', 'job': 'Story'}, {'id': 1662456, 'name': 'Tyler Werrin', 'job': 'Writer'}, {'id': 1265060, 'name': 'Dave Rosenbaum', 'job': 'Writer'}","lan-detected":null,"title-translated":"Super agente Hitpig"},{"id":1062722,"title":"Frankenstein","rating":7.705,"release_date":"2025-10-17T00:00:00.000","runtime":152,"genres":"Drama, Fantasía, Terror","votes":2533,"budget":120000000,"revenue":480678,"language":"en","directors":"{'id': 10828, 'name': 'Guillermo del Toro'}","writers":"{'id': 10828, 'name': 'Guillermo del Toro', 'job': 'Writer'}","lan-detected":null,"title-translated":"Frankenstein"},{"id":1234731,"title":"Anaconda","rating":6.0,"release_date":"2025-12-24T00:00:00.000","runtime":100,"genres":"Aventura, Comedia, Terror","votes":115,"budget":45000000,"revenue":59372926,"language":"en","directors":"{'id': 1211000, 'name': 'Tom Gormican'}","writers":"{'id': 1211000, 'name': 'Tom Gormican', 'job': 'Screenplay'}, {'id': 1219572, 'name': 'Kevin Etten', 'job': 'Screenplay'}","lan-detected":null,"title-translated":"Anaconda"},{"id":798645,"title":"El sobreviviente","rating":6.817,"release_date":"2025-11-11T00:00:00.000","runtime":133,"genres":"Acción, Suspense, Ciencia ficción","votes":897,"budget":110000000,"revenue":68615641,"language":"en","directors":"{'id': 11090, 'name': 'Edgar Wright'}","writers":"{'id': 58744, 'name': 'Michael Bacall', 'job': 'Screenplay'}, {'id': 11090, 'name': 'Edgar Wright', 'job': 'Screenplay'}","lan-detected":null,"title-translated":"El sobreviviente"},{"id":533533,"title":"TRON: Ares","rating":6.573,"release_date":"2025-10-08T00:00:00.000","runtime":120,"genres":"Ciencia ficción, Aventura, Acción","votes":885,"budget":220000000,"revenue":142249983,"language":"en","directors":"{'id': 20307, 'name': 'Joachim Rønning'}","writers":"{'id': 945090, 'name': 'Jesse Wigutow', 'job': 'Screenplay'}, {'id': 411398, 'name': 'David DiGilio', 'job': 'Story'}, {'id': 945090, 'name': 'Jesse Wigutow', 'job': 'Story'}","lan-detected":null,"title-translated":"TRON: Ares"},{"id":1054867,"title":"Una batalla tras otra","rating":7.461,"release_date":"2025-09-23T00:00:00.000","runtime":170,"genres":"Suspense, Crimen, Acción","votes":2270,"budget":175000000,"revenue":205168736,"language":"en","directors":"{'id': 4762, 'name': 'Paul Thomas Anderson'}","writers":"{'id': 4762, 'name': 'Paul Thomas Anderson', 'job': 'Writer'}","lan-detected":null,"title-translated":"Una batalla tras otra"},{"id":812583,"title":"Wake Up Dead Man: Un misterio de Knives Out","rating":7.205,"release_date":"2025-11-26T00:00:00.000","runtime":145,"genres":"Suspense, Misterio, Comedia","votes":1598,"budget":210000000,"revenue":4000000,"language":"en","directors":"{'id': 67367, 'name': 'Rian Johnson'}","writers":"{'id': 67367, 'name': 'Rian Johnson', 'job': 'Writer'}","lan-detected":null,"title-translated":"Wake Up Dead Man: Un misterio de Knives Out"},{"id":19995,"title":"Avatar","rating":7.599,"release_date":"2009-12-16T00:00:00.000","runtime":162,"genres":"Acción, Aventura, Fantasía, Ciencia ficción","votes":33179,"budget":237000000,"revenue":2923706026,"language":"en","directors":"{'id': 2710, 'name': 'James Cameron'}","writers":"{'id': 2710, 'name': 'James Cameron', 'job': 'Writer'}","lan-detected":null,"title-translated":"Avatar"},{"id":1223601,"title":"Sisu: Camino a la venganza","rating":7.473,"release_date":"2025-10-21T00:00:00.000","runtime":88,"genres":"Acción, Bélica","votes":425,"budget":12200000,"revenue":9169696,"language":"fi","directors":"{'id': 145228, 'name': 'Jalmari Helander'}","writers":"{'id': 145228, 'name': 'Jalmari Helander', 'job': 'Writer'}","lan-detected":null,"title-translated":"Sisu: Camino a la venganza"},{"id":76600,"title":"Avatar: El camino del agua","rating":7.605,"release_date":"2022-12-14T00:00:00.000","runtime":192,"genres":"Acción, Aventura, Ciencia ficción","votes":13443,"budget":350000000,"revenue":2353096253,"language":"en","directors":"{'id': 2710, 'name': 'James Cameron'}","writers":"{'id': 2710, 'name': 'James Cameron', 'job': 'Story'}, {'id': 2710, 'name': 'James Cameron', 'job': 'Screenplay'}, {'id': 507, 'name': 'Josh Friedman', 'job': 'Story'}, {'id': 67803, 'name': 'Amanda Silver', 'job': 'Story'}, {'id': 67802, 'name': 'Rick Jaffa', 'job': 'Story'}, {'id': 6039, 'name': 'Shane Salerno', 'job': 'Story'}, {'id': 67803, 'name': 'Amanda Silver', 'job': 'Screenplay'}, {'id': 67802, 'name': 'Rick Jaffa', 'job': 'Screenplay'}","lan-detected":null,"title-translated":"Avatar: El camino del agua"},{"id":967941,"title":"Wicked: Por siempre","rating":6.695,"release_date":"2025-11-19T00:00:00.000","runtime":137,"genres":"Fantasía, Aventura, Romance","votes":647,"budget":150000000,"revenue":510723521,"language":"en","directors":"{'id': 54507, 'name': 'Jon M. Chu'}","writers":"{'id': 1222194, 'name': 'Winnie Holzman', 'job': 'Screenplay'}, {'id': 56718, 'name': 'Dana Fox', 'job': 'Screenplay'}","lan-detected":null,"title-translated":"Wicked: Por siempre"},{"id":1084242,"title":"Zootopia 2","rating":7.6,"release_date":"2025-11-26T00:00:00.000","runtime":107,"genres":"Animación, Comedia, Aventura, Familia, Misterio","votes":971,"budget":150000000,"revenue":1590331106,"language":"en","directors":"{'id': 1318201, 'name': 'Jared Bush'}, {'id': 76595, 'name': 'Byron Howard'}","writers":"{'id': 1318201, 'name': 'Jared Bush', 'job': 'Writer'}","lan-detected":null,"title-translated":"Zootopia 2"},{"id":1242898,"title":"Depredador: Tierras salvajes","rating":7.464,"release_date":"2025-11-05T00:00:00.000","runtime":107,"genres":"Acción, Ciencia ficción, Aventura","votes":854,"budget":105000000,"revenue":184328121,"language":"en","directors":"{'id': 568322, 'name': 'Dan Trachtenberg'}","writers":"{'id': 1061155, 'name': 'Patrick Aison', 'job': 'Story'}, {'id': 568322, 'name': 'Dan Trachtenberg', 'job': 'Story'}, {'id': 1061155, 'name': 'Patrick Aison', 'job': 'Screenplay'}","lan-detected":null,"title-translated":"Depredador: Tierras salvajes"},{"id":83533,"title":"Avatar: Fuego y ceniza","rating":7.353,"release_date":"2025-12-17T00:00:00.000","runtime":198,"genres":"Ciencia ficción, Aventura, Fantasía","votes":1198,"budget":350000000,"revenue":1083095254,"language":"en","directors":"{'id': 2710, 'name': 'James Cameron'}","writers":"{'id': 2710, 'name': 'James Cameron', 'job': 'Screenplay'}, {'id': 6039, 'name': 'Shane Salerno', 'job': 'Story'}, {'id': 2710, 'name': 'James Cameron', 'job': 'Story'}, {'id': 507, 'name': 'Josh Friedman', 'job': 'Story'}, {'id': 67802, 'name': 'Rick Jaffa', 'job': 'Story'}, {'id': 67803, 'name': 'Amanda Silver', 'job': 'Story'}, {'id': 67802, 'name': 'Rick Jaffa', 'job': 'Screenplay'}, {'id': 67803, 'name': 'Amanda Silver', 'job': 'Screenplay'}","lan-detected":null,"title-translated":"Avatar: Fuego y ceniza"}]